3102 4836
642 232 853 297 „27-

95 416 214 484 uudfr.
235 440 260 486 c.
282 420 417 498 21-2e‚
438 419 524 506 apud
543 417 757 504 Porphyrium
774 419 794 482 l.
818 439 843 484 o.
862 422 890 500 ξ.
908 418 957 503 14,
976 436 1101 484 necnon
1121 417 1221 482 verba
1238 416 1281 483 ad
1299 417 1395 506 linem

94 540 176 586 narr.
198 520 315 587 Eudoe.
336 523 436 589 allata
455 523 671 596 τελευτῶντος
683 516 719 584 δὲ
730 524 771 585 τέ
782 517 940 586 Hilarius
953 555 996 568 ··
1011 515 1187 601 βασιλείας
1201 519 1395 604 πληρθμένε
1508 607 1510 615 ¹

25 643 27 676 τ
95 621 115 685 l.
140 642 164 687 c.
185 625 212 703 ξ.
232 623 253 686 2
273 621 339 689 fere
363 617 532 700 αὐτολεξεὶ
553 623 710 706 leguntur.
752 621 845 699 Quae
872 618 960 704 apud
979 620 1112 688 Suidam
1139 621 1180 687 de
1206 619 1266 686 hoc
1293 620 1395 706 philo·

93 721 195 807 sopho
211 723 423 810 proferuntur,
445 715 589 791 Eudocia
608 722 805 808 contempsit.
830 755 834 763 ·

169 823 213 890 Ut
230 825 300 910 jam
320 834 514 910 excerptae
546 824 780 892 commentariis
810 822 853 888 ad
879 821 1028 906 Gregorii
1056 825 1136 890 Nan.
1166 823 1287 909 scripta
1312 845 1395 892 oom—
1435 825 1440 842 “

89 917 207 1011 positis
240 927 332 992 nobis
364 927 635 1000 demonstrarunt,
669 925 715 990 ita
746 925 844 990 etiam
863 925 976 990 harum
1001 925 1139 991 vitarum
1157 925 1297 992 maxima
1319 945 1395 1012 pars

88 1047 150 1093 nos
170 1027 264 1093 docet
282 1027 458 1094 Eudociam
477 1033 606 1113 praeter
625 1027 738 1104 fontes,
763 1026 848 1092 unde
868 1027 1008 1111 majores
1019 1027 1158 1092 vitarum
1169 1047 1298 1094 suarum
1319 1048 1395 1113 par-

89 1135 141 1194 tes
163 1125 308 1216 sumpsit,
326 1150 390 1220 non
405 1129 567 1215 sprevisse
584 1129 664 1195 aliis·
681 1149 811 1218 quoque
822 1129 878 1212 uti,
902 1128 1050 1212 equibus
1065 1129 1118 1196 vel
1143 1129 1289 1214 singulas
1304 1131 1398 1196 'vitas

87 1229 145 1295 vel
167 1230 312 1314 singulos
332 1232 419 1298 locos
440 1229 483 1295 ad
504 1224 647 1315 aliquam
667 1232 767 1296 vitam
782 1229 966 1298 referendos
979 1251 1152 1316 excerpere
1174 1237 1300 1317 posset:
1322 1232 1394 1298 hos·

26 1323 27 1328 ’
85 1329 505 1423 que-locosin'violarium
526 1331 709 1400 inseruisse.
756 1333 857 1418 Nam,
888 1333 964 1399 licet
998 1335 1101 1399 solum
1129 1332 1169 1399 de
1195 1332 1395 1422 Aristandro‚

84 1421 255 1519 Diagora,
285 1431 465 1509 Nicandro,
497 1419 623 1518 Plotino'
646 1435 827 1502 accuratius
847 1435 967 1520 sontes,
998 1455 1016 1500 e
1045 1434 1159 1517 quibus
1180 1435 1265 1501 vitae
1287 1456 1395 1502 eorum

82 1539 179 1600 ortae
200 1535 274 1610 sint,
294 1529 539 1602 definiressnobis
558 1537 746 1622 contigerit,
766 1537 852 1604 bona
871 1545 979 1604 tamen
999 1535 1063 1602 fide
1082 1557 1253 1622 possumus
1268 1545 1395 1605 conten-

80 1632 165 1722 dere
188 1637 391 1726 etiamritas
410 1635 622 1722 Apollonidis
643 1637 821 1704 Alexandri
840 1639 982 1725 Myndii‚
1005 1639 1211 1724 Aristaeneti,
1236 1640 1393 1706 Demetrii

81 1731 178 1828 meir
201 1739 334 1828 quippe
358 1735 441 1837 qnae
469 1737 644 1839 collocatae
670 1738 738 1827 sint
766 1745 859 1805 extra
888 1761 960 1806 cum
989 1741 1167 1807 litterarum
1197 1741 1341 1808 ordinem
1353 1745 1393 1822 ³),
1418 1819 1428 1842 ἢ

82 1857 151 1922 quo
175 1837 263 1906 vitae
284 1858 381 1906 exeo
404 1837 490 1906 fonte
502 1839 648 1914 haustae,
671 1839 756 1905 unde
767 1839 912 1908 Eudooia
923 1842 1099 1930 maximam
1115 1843 1253 1909 vitarum
1264 1863 1393 1934 suarum

79 1937 246 2006 derivavit
267 1946 402 2026 partem,
424 1939 488 2008 sint
509 1939 707 2026 dispositae,'
723 1960 765 2007 ex
786 1941 846 2010 hoc
866 1943 954 2010 fonte
978 1964 1051 2010 esse
1072 1943 1232 2031 deductas.

159 2261 181 2326 ⁸)
201 2259 245 2334 De
265 2259 318 2348 lace
331 2230 499 2315 'litterarum'
510 2251 611 2344 ordine
625 2259 698 2315 infra
715 2261 833 2333 amplius
851 2263 1064 2336 accuratiusque
1085 2263 1198 2338 dicetur.
