3102 4836
642 215 764 280 ...11
810 251 852 264 ...-

89 407 127 472 ut
148 403 204 489 ait,
227 401 407 486 decerpta).
442 401 486 467 ut
507 400 568 467 hae
590 407 697 468 autem
713 421 871 488 personae
893 402 940 468 sic
954 407 1098 470 Eodocia
1112 421 1240 489 quoque
1261 403 1394 470 multam

91 503 296 592 diligentiam
327 523 522 589 operamque
539 503 573 568 in
596 504 685 571 libris
701 504 878 572 scribendis
899 505 1022 590 posuit,
1053 499 1171 590 quain
1190 511 1274 572 reet
1295 525 1394 590 prosa

76 615 127 675 ·et
138 607 246 674 vincta
256 625 317 674 usa
328 611 378 672 est
389 605 540 678 oratione.
574 607 714 685 Quorum
729 607 919 692 scriptorum
937 627 1034 672 unum
1045 607 1201 674 habemus
1224 627 1393 675 conserva-

91 719 178 777 tum:
205 709 246 774 de
268 708 400 791 reliquis
422 708 502 774 nihil
523 706 658 792 scimus,
680 708 760 794 nisi,
788 706 945 792 quomodo
965 707 1086 781 suerint
1106 709 1270 794 inscripta.
1314 709 1396 776 Sunt

89 812 212 898 scripta
233 807 428 894 Eudooiana,
452 829 535 894 quae
555 811 728 900 perierunt,
749 814 865 880 haece:

177 905 837 1006 1.(ΟπλοκαμόςτῆςΆριάδνης
862 916 932 984 11.
963 917 1104 982 11111111
1128 915 1306 999 Ariadnae,
1329 914 1395 999 epi·

89 1036 164 1083 cum
186 1033 330 1099 carmen,
352 1033 431 1099 quc,
450 1021 486 1081 ut
507 1017 635 1084 nomine
653 1019 723 1104 ejus
745 1018 920 1104 indicatur,
946 1016 1103 1084 derebus
1126 1014 1277 1099 mythicis
1299 1019 1396 1100 atque

90 1117 135 1184 ad
152 1115 360 1200 astrologiam
382 1117 601 1201 spectantibus
623 1120 788 1203 agebatur.
856 1196 858 1202 ,
1307 1115 1309 1128 ’

162 1219 207 1283 ·2.
244 1212 287 1282 αἳ
308 1220 387 1283 τῶν
400 1223 609 1302 γυναικῶν
623 1227 786 1306 χρεῖαι,
809 1226 845 1288 de
858 1220 1177 1306 officiisvelbcqctit's
1196 1219 1397 1302 seminarum,

91 1317 180 1404 quod
198 1317 351 1404 scriptum
372 1319 515 1405 pedestri
540 1323 683 1390 oratione
706 1331 775 1390 erat
803 1322 1029 1410 compositum,
1059 1322 1137 1387 item
1156 1324 1192 1384 ut
1213 1316 1397 1401 sequentia:

180 1422 209 1486 3.
245 1418 286 1486 oi
308 1421 376 1488 δεῖ
408 1419 638 1506 βασιλίδας
663 1419 828 1510 ἀσκεῖν,
853 1428 929 1516 qaid
958 1426 1075 1505 repicit
1108 1426 1149 1490 sit
1184 1423 1398 1504 exercendum,

93 1522 193 1591 simili
214 1529 402 1608 argumento
423 1531 519 1610 atque
541 1525 630 1613 illud,
653 1525 738 1610 quod
759 1527 853 1594 modo
875 1525 1048 1592 attulimus.
1086 1525 1156 1604 Hoc
1170 1522 1323 1607 scriptum
1339 1519 1397 1586 uti-

94 1626 255 1695 lissimum
275 1645 453 1712 anonymus
478 1627 533 1694 ille
554 1635 665 1715 vocat,
689 1629 743 1714 qui
767 1629 913 1696 notitiam
936 1627 1049 1695 horum
1069 1626 1260 1712 scriptorum
1281 1643 1399 1690 memo-

96 1731 166 1796 riae
188 1725 330 1812 prodidit
340 1729 377 1816 4).
487 1722 492 1734 ’

179 1833 209 1902 4.
232 1830 333 1914 περὶ
352 1828 523 1920 διαίτης
544 1837 622 1898 τῶν
637 1833 902 1917 poenitencia,
923 1833 1188 1922 dqoitoerotiooe
1209 1831 1400 1912 seminarum

95 1939 204 2002 divino
228 1937 327 2000 cultui
349 1946 557 2001 sacratarum.
595 1935 705 2019 Agunt
726 1935 824 2019 igitur
841 1933 875 1999 hi
895 1933 969 1999 libri
989 1932 1029 1998 ab
1051 1929 1197 1996 Eudocia
1211 1949 1308 2013 prosa
1330 1948 1399 1994 ora-

94 2038 184 2104 tione
206 2035 327 2122 scripti,
351 2042 387 2102 ut
401 2035 497 2102 facile
518 2043 625 2121 potest
646 2037 800 2123 intellegi,
822 2035 966 2102 debens
991 2039 1023 2099 et
1043 2031 1178 2099 honeste
1199 2029 1330 2097 vivendi
1350 2050 1400 2095 ra-

95 2140 184 2206 tione
216 2143 249 2205 et
284 2137 319 2202 in
344 2157 447 2204 ¹usum
482 2136 671 2224 feminarum
702 2139 862 2206 variorum
894 2137 1040 2205 ordinum
1075 2138 1149 2200 sunt
1186 2131 1362 2217 compositi.
1373 2131 1399 2213 5)

97 2243 255 2322 Quartum
277 2239 431 2326 scriptum
453 2261 630 2326 anonymus
653 2243 725 2319 ille,
759 2241 829 2326 qui,
858 2239 886 2307 si
907 2238 984 2322 quid
1003 2236 1112 2314 video,
1134 2234 1309 2302 monachus
1332 2241 1401 2300 erat

97 2341 690 2427 11111111111111111111οΡ111111111,
720 2343 791 2428 ipse
820 2347 896 2408 ante
921 2339 1030 2406 oculos
1051 2337 1179 2423 habuit,
1210 2335 1289 2402 dicit
1316 2335 1401 2402 eninr

96 2446 138 2512 de
159 2464 214 2512 eo:
250 2441 357 2530 „irrep
372 2442 430 2510 καὶ
452 2447 505 2508 νῦν
528 2440 606 2512 καθ’
630 2440 719 2533 ἡμᾶς
742 2443 776 2510 ἐν
798 2447 844 2530 aqi
869 2439 926 2528 τῆς
947 2435 1148 2526 Προκανήσε
1170 2433 1314 2526 σημνείῳ
1337 2433 1400 2504 σώ-

100 2543 219 2628 ζεται.“
262 2543 363 2611 Nobis
392 2567 486 2630 vero,
520 2554 675 2632 quantum
697 2545 802 2612 adhue
833 2544 968 2620 scimus,
1001 2557 1083 2608 unus
1105 2547 1229 2607 tautum
1253 2540 1334 2606 liber
1360 2539 1401 2606 ab

96 2627 243 2716 Euddcia
259 2648 458 2734 conscriptus
479 2653 625 2715 servatus
647 2656 705 2734 est,
727 2648 782 2733 qui
801 2645 999 2714 inscribitur:
1018 2637 1052 2709 'E
1063 2647 1128 2710 YA
1141 2637 1308 2708 ΟΚΓΛΣ
1328 2645 1375 2730 τῆ
1386 2667 1402 2720 ς

97 2748 560 2838 Μακρεμβολιτίσσης,
618 2749 856 2842 Βασιλίὁος
904 2736 1400 2823 ’Κωνσταντινθπόλεωμ

90 2851 120 2920 '1
125 2845 243 2930 ωνιαὶ,
272 2845 349 2939 ἤτοι
370 2851 541 2938 συναγωγὴ
564 2857 653 2919 θεῶν
677 2877 705 2922 κ.
730 2877 758 2917 1.
782 2852 810 2915 l.
839 2848 893 2916 cfr.
916 2848 1037 2914 Auecd.
1060 2847 1113 2914 Gr.
1137 2845 1213 2914 edit.
1236 2867 1257 2912 a
1276 2845 1401 2915 Villois.

96 2946 217 3024 v01.'1.
246 2975 277 3040 p.
309 2955 336 3022 1.
390 2953 452 3033 Qui
482 2953 564 3020 liber
596 2956 713 3026 multas
747 2951 968 3038 complectitur
1008 2949 1208 3016 narrationes
1240 2949 1403 3016 fabulares
1514 3013 1519 3022 ,

94 3056 341 3143 historicasque,
356 3056 573 3140 antiquitates,
587 3057 768 3123 notationes
780 3055 822 3120 ad
833 3054 1011 3120 litterarum
1025 3052 1189 3118 historiam
1203 3057 1403 3137 spectantes:

96 3157 269 3244 quaesere
291 3159 399 3224 omnia
419 3158 548 3244 femina,
572 3175 654 3242 quae
675 3159 791 3224 librum
813 3155 1011 3242 conscripsit,
1034 3153 1193 3238 nonipsa
1216 3151 1402 3237 composuit,

97 3259 159 3328 sed
175 3261 363 3348 plerumque
386 3280 404 3326 e
426 3261 515 3327 libris
539 3261 673 3327 aliorum
694 3261 886 3345 scriptorum
908 3257 1121 3341 antiquiorum
1140 3254 1325 3341 depromsit.

182 3361 234 3428 De
245 3361 306 3430 hoc
316 3363 397 3430 libro
409 3383 480 3429 cum
491 3362 569 3428 mihi
580 3363 779 3449 prepositum
791 3362 833 3427 sit
843 3362 877 3426 in
888 3359 1096 3446 sequentibus
1107 3356 1286 3424 accuratius
1294 3355 1402 3442 dispu-

97 3473 179 3551 tare,
191 3464 232 3530 de
244 3467 379 3531 historic
394 3465 464 3549 ejus
476 3449 560 3530 nuno
573 3464 727 3530 nonnulla
741 3464 912 3549 proferam.
940 3463 1010 3542 Quo
1023 3481 1106 3527 anno
1117 3459 1287 3527 violarium
1298 3458 1403 3525 Eudo-

170 3697 191 3768 1)
210 3701 318 3761 Fabric.
337 3701 409 3759 Bibl.
430 3701 477 3758 Gr.
497 3701 559 3760 Vol.
579 3703 601 3760 Ι.
620 3720 646 3773 p.
667 3708 725 3772 558,
746 3701 868 3757 Harless

172 3794 195 3854 ¹)
213 3789 286 3846 Vide
304 3788 511 3844 annotationem
531 3789 567 3843 ad
592 3787 791 3859 praefationem
808 3785 925 3843 Violarii
944 3785 1099 3856 adjectam,
1123 3784 1152 3838 in
1172 3783 1307 3840 Anccdot.
1327 3803 1366 3857 gr,
1387 3802 1403 3840 a

96 3874 207 3932 Villois.
227 3873 291 3930 edit.
311 3873 406 3930 Voll.
428 3893 452 3944 p.
473 3879 496 3932 2.
687 3926 695 3950 ‚

176 3963 199 4025 ⁵)
217 3959 336 4016 Carmen
354 3960 506 4030 heroicum,
525 3975 580 4030 quo
598 3958 723 4015 Eudoeia
740 3958 834 4030 aliqua
852 3958 983 4030 Augusta
1002 3957 1131 4012 victorias
1143 3973 1192 4026 per
1203 3955 1341 4010 Romanos
1361 3974 1403 4012 re-

95 4051 222 4119 portatas
240 4046 362 4101 aPersis
374 4045 527 4116 descripsit,
539 4051 568 4099 et
579 4044 709 4100 metricae
727 4045 866 4100 versiones
884 4044 1061 4114 psalmorum,
1081 4061 1149 4114 quas
1164 4041 1309 4095 Bandinus
1329 4059 1402 4097 com·

95 4138 234 4191 memorat
249 4133 279 4187 in
302 4131 389 4189 Catal.
411 4129 496 4190 Oodd.
518 4131 583 4186 Mas.
596 4131 727 4188 Laurent.
738 4131 844 4202 11164,
867 4129 927 4186 sine
956 4130 1040 4184 dubio
1055 4129 1196 4184 Eudooiae
1210 4127 1359 4184 Theodosii
1373 4129 1403 4182 11

21 4229 28 4244 ·
94 4218 178 4275 uxori
197 4218 345 4274 tribuenda
356 4207 434 4284 sunt,
455 4223 484 4274 et
502 4216 662 4272 Harlessius
679 4217 766 4272 falsus
787 4223 842 4281 est,
869 4217 916 4287 qui
935 4233 968 4271 ea
985 4215 1036 4270 sub
1056 4215 1166 4269 nomine
1184 4213 1326 4270 Eudociae
1342 4213 1402 4268 Ma-

95 4302 315 4360 crcmbolitissae
335 4305 416 4376 citat3
450 4304 515 4360 ride
538 4302 656 4358 indicem
674 4303 795 4359 Fabricii
814 4301 945 4360 Biblioth.
966 4306 1047 4373 scrpt.
1066 4318 1106 4372 gr.
1133 4305 1161 4355 et
1187 4299 1311 4370 ejusdem
1337 4299 1401 4354 libri

95 4387 161 4450 vol.
181 4389 252 4448 VIII
270 4407 296 4462 p.
315 4393 355 4446 81.
