3102 4836
698 175 888 242 ..4¹-

95 379 117 450 ¹!
145 361 258 432 abnuit
279 371 312 432 et
331 362 418 432 Zoae
437 361 538 433 sorori
556 369 634 430 natu
661 363 775 431 minori
803 361 970 430 concessit.
1011 360 1098 428 Zoen
1127 369 1234 430 autem
1263 382 1336 428 curn
1356 381 1441 428 anno

129 465 245 551 ‘1028,
268 486 330 551 quo
361 486 510 533 coronam
536 465 766 551 imperiumque
788 463 980 548 susciperet,
1003 462 1073 546 jam
1102 462 1441 549 duodequinquaginta

143 587 245 635 annos
274 574 383 634 natam
415 567 514 636 fuisse
544 566 728 654 auctores⁸)
763 586 827 632 non
858 563 972 631 incerti
1000 563 1204 644 tradiderint,
1237 565 1440 633 manifestum

143 675 193 736 est
213 669 388 736 Eudociam
409 677 486 735 natu
505 669 660 754 majorem
680 668 736 736 illo
757 675 901 753 ternpore
923 671 1008 732 certe
1028 663 1180 732 feminam
1200 669 1440 754 quinquagena-

142 769 223 835 riam
249 770 358 837 fuisse.
404 771 474 850 Quo
503 776 664 856 comperto
688 769 762 862 quis
788 775 847 845 est,
878 769 932 853 qui
961 767 1132 834 arbitretur
1159 770 1335 836 Eudociam
1358 769 1439 837 Con-

141 872 274 940 stantini
295 873 376 939 VIII
396 872 495 938 filiam
521 871 656 939 eandem
684 872 784 940 luisse
813 878 910 953 atque
936 869 1042 954 illam,
1071 891 1154 954 quae
1176 871 1386 938 Constantino
1407 872 1440 936 X
1537 863 1538 872 ’

144 975 290 1061 conjugi,
321 995 415 1059 quem
438 975 523 1040 intra
544 973 876 1040 annos1059-1067
902 970 1017 1038 solium
1038 971 1264 1056 imperatorum
1285 974 1440 1060 Byzanti-

140 1096 254 1142 norum
275 1075 450 1142 obtinuisse
469 1075 622 1142 traditum
644 1083 707 1160 est,
736 1075 821 1140 intra
852 1073 910 1140 hos
939 1079 1010 1140 octo
1038 1093 1139 1142 annos
1172 1085 1319 1159 quartum
1338 1077 1439 1142 filium

142 1177 401 1262 Constantinum,
431 1177 620 1262 cognomine
641 1175 952 1263 Porphyrogenitum
972 1175 1121 1260 peperit?
1164 1179 1258 1244 Hunc
1286 1176 1440 1245 Schoellii
1537 1233 1538 1236 ,

141 1267 289 1356 errorem,
310 1299 373 1362 quo
396 1277 476 1346 nihil
496 1278 600 1372 levius
619 1298 692 1344 esse
713 1284 829 1363 potest,
850 1297 944 1343 nemo
965 1277 1124 1346 defendet.
1171 1279 1313 1363 Congius
1333 1301 1439 1370 porro,
1537 1289 1538 1324 r

139 1382 190 1448 vir
209 1381 363 1448 historiae
385 1379 585 1464 Byzantinae
605 1379 691 1446 haud
710 1379 852 1464 ignarus,
873 1378 907 1444 in
927 1379 1055 1463 libro‚⁴)
1078 1399 1140 1462 quo
1162 1380 1202 1446 de
1223 1380 1354 1448 familiis
1375 1382 1436 1466 By-

140 1483 279 1566 zantinis
300 1483 383 1568 egit,
406 1481 503 1546 aliam
523 1469 566 1548 de
585 1488 677 1565 patre
699 1481 862 1547 Eudociae
883 1481 1196 1549 Macrembolitissae
1215 1483 1348 1568 protuht
1368 1503 1439 1550 sen-

139 1585 291 1652 tentiam:
336 1583 448 1650 statuit
474 1582 560 1649 enim
580 1583 756 1650 Eudooiam
780 1582 881 1650 fuisse
908 1583 1008 1648 liliam
1036 1583 1237 1650 Constantior·
1258 1587 1438 1671 Colossum,

139 1685 202 1754 viri
223 1706 241 1752 e
263 1686 363 1754 nobili
384 1703 502 1770 genere
524 1683 600 1761 orti,
633 1681 688 1767 qni
718 1683 877 1752 Michaele
899 1684 1109 1770 Paphlagone
1141 1684 1319 1770 imperante
1348 1687 1439 1754 vixit.

138 1787 204 1854 Sed
222 1787 274 1854 hie
295 1775 346 1854 vir
366 1787 477 1854 doctus
499 1791 613 1873 postea
633 1785 704 1870 ipso
724 1785 883 1853 intellexit
905 1806 941 1852 se
962 1807 1026 1852 non
1046 1793 1132 1852 recte
1154 1785 1275 1854 vidisse
1286 1787 1438 1854 Michaeli

136 1889 236 1957 Pselli
257 1887 407 1968 historia,
437 1907 519 1973 quae
541 1889 682 1956 nondum
705 1888 793 1955 edita
813 1888 849 1953 in
869 1887 1009 1954 tenebris
1029 1887 1249 1956 Bibliothecae
1269 1890 1439 1958 Parisinae

136 1991 224 2076 latet,
246 1990 407 2076 inspecta,
438 2011 503 2079 qua
531 1988 704 2057 memoriae
730 1990 876 2075 proditur
896 1989 977 2056 duas
998 2009 1115 2056 uxores
1140 1991 1383 2058 Constantinum
1404 1994 1437 2060 X

135 2093 260 2160 Ducam
284 2091 390 2158 adhuc
415 2091 577 2180 privatum
607 2091 739 2158 duxisse
764 2093 798 2158 in
828 2091 1078 2177 matrimonium,
1105 2092 1244 2177 prlorem
1264 2095 1437 2162 Dalasseni

135 2195 242 2274 liliam,
262 2196 397 2262 alteram
418 2194 603 2278 Eudociam,
627 2195 718 2279 cujus
739 2193 862 2260 familia
883 2201 916 2261 et
937 2215 1040 2280 genus
1053 2195 1191 2262 aPsello
1206 2217 1270 2264 non
1284 2218 1438 2264 memora-

135 2298 227 2383 tur.⁵)
250 2297 403 2363 Videmus
412 2297 511 2380 igitur
519 2295 720 2382 sententiam,
735 2317 830 2380 quam
840 2297 983 2382 Congius
992 2298 1032 2364 de
1043 2304 1135 2380 patre
1143 2298 1307 2366 Eudociae
1318 2299 1439 2384 habuit,

135 2398 176 2465 ab
197 2398 269 2487 ipso
283 2397 454 2464 refutatam
465 2417 570 2483 neque
590 2399 758 2466 obscuram
769 2398 864 2483 hujus
876 2398 1013 2465 feminae
1026 2399 1181 2483 originem
1195 2408 1341 2484 apertam
1356 2421 1438 2468 esse.

218 2499 361 2585 Contigit
391 2501 470 2567 mihi
499 2500 653 2586 fortasse,
684 2507 719 2566 nt
747 2498 986 2584 investigarem,
1022 2501 1094 2586 quis
1113 2499 1199 2568 illius
1221 2500 1316 2569 luerit
1336 2508 1438 2588 pater.

135 2602 408 2670 Commemoratur
439 2601 524 2668 enim
551 2623 572 2668 a
598 2602 757 2669 Michaelo
786 2602 982 2687 Attaliotai)
1020 2603 1202 2676 Corolamus
1234 2608 1360 2686 quidum
1377 2624 1437 2686 po·

135 2708 274 2772 taurello
295 2725 317 2770 a
333 2703 543 2772 Constantino
569 2704 778 2772 Monomacho
811 2703 953 2790 factusl)
984 2703 1147 2770 Eudociae
1173 2705 1359 2790 avunculus,
1382 2706 1437 2788 qui

102 2827 103 2830 ¹
134 2803 285 2871 isaacum
320 2805 517 2873 Comnenum
553 2806 744 2874 familiarem
772 2804 976 2872 Constantini
1000 2805 1128 2892 Dueae,
1157 2805 1264 2871 mariti
1291 2807 1437 2890 ejusdem

133 2906 311 2993 Endociae,
340 2929 411 2976 eum
432 2909 487 2976 ille
508 2908 666 2975 Michaelo
687 2908 735 2974 VI
757 2907 941 2974 Stratiotieo
969 2926 1103 2990 regnum
1125 2908 1267 2975 adimere
1285 2885 1439 2988 studeret,

133 3014 295 3096 potestate
317 3016 350 3076 et
370 3009 560 3077 auctoritate
582 3009 717 3095 adjuvit.
760 3009 859 3076 Porro
882 3016 990 3076 autem
1010 3009 1212 3099 Cedrenus⁸l
1241 3017 1351 3077 namot
1373 3011 1437 3078 Ce-

132 3111 286 3180 rnlarium
318 3111 424 3178 adhuc
454 3111 615 3198 privatum
645 3111 804 3178 Michaelo
838 3112 1048 3197 Paphlagone
1080 3120 1236 3197 regnante
1266 3097 1332 3178 una
1364 3133 1435 3180 oum

131 3215 256 3280 Ioanne
277 3218 413 3298 quodum
434 3216 687 3300 Mucrembolito,
714 3213 783 3280 viro
803 3233 867 3280 non
896 3213 1030 3298 ignobili
1052 3222 1137 3281 certe
1159 3216 1229 3282 loeo
1251 3221 1327 3282 nato
1349 3216 1435 3288 aliis-

132 3333 195 3398 que
217 3334 289 3380 cum
308 3315 430 3382 civibus
453 3314 658 3400 conjunctum
680 3315 851 3404 affectasse
872 3335 1014 3400 regnum.
1057 3315 1128 3395 Quo
1154 3317 1294 3386 facinore
1322 3325 1434 3406 aperto

130 3414 222 3482 illum
248 3423 281 3483 et
306 3417 462 3483 Joonucm
488 3419 792 3493 Mororembob'tum,
821 3417 984 3506 principes
1014 3415 1110 3502 hujus
1138 3419 1320 3498 seditionis,
1353 3421 1435 3487 rele-

131 3524 226 3604 gatos
261 3518 409 3604 bonaque
445 3539 554 3586 eorum
594 3519 759 3604 pubhcata
794 3537 876 3590 esse.
934 3522 1016 3590 Cum
1053 3521 1152 3606 igitur
1190 3522 1367 3604 Attaliotae
1402 3531 1436 3590 et

130 3657 340 3668 -n——u——n-

200 3736 221 3804 ¹)
239 3735 306 3796 Zon.
323 3735 423 3793 Annal.
445 3737 492 3796 lib.
514 3737 607 3796 XVII.
621 3743 659 3795 13.
679 3745 766 3810 11232
781 3757 837 3812 sq.;
856 3741 922 3800 ibid.
943 3741 1036 3800 XVII.
1060 3748 1101 3800 28.
1119 3760 1145 3813 p.
1166 3746 1216 3798 260
1235 3739 1361 3812 (Cang.);
1390 3741 1434 3797 Le

130 3821 217 3886 Bean,
236 3822 253 3882 l.
275 3839 297 3881 o.
317 3821 484 3880 Tom.XVI.
504 3825 551 3880 lib.
560 3823 702 3883 LXXVII
721 3843 748 3898 p.
758 3832 815 3884 370.
844 3825 968 3900 Cibbon,
987 3829 1005 3886 l.
1017 3843 1040 3885 c.
1054 3828 1207 3888 Volxm.
1228 3843 1286 3898 cap.
1299 3825 1433 3902 ΧΙΝΠΙι

129 3925 155 3978 p.
180 3910 235 3966 107.

201 3994 223 4061 ⁴)
241 3991 341 4064 Cangli
358 3994 453 4050 lamill.
474 3994 591 4064 Byzant.
607 4015 634 4068 p.
658 4003 704 4054 161
726 4016 784 4072 sqq.

160 4151 163 4156 Ι
204 4081 224 4148 ⁵)
244 4078 300 4136 Cfr.
317 4077 416 4151 Congii
433 4084 537 4137 annott.
557 4083 594 4139 ad
614 4083 709 4142 Ζοιιετ,
728 4084 790 4140 Vol.
809 4083 845 4140 Il.
866 4101 892 4156 p.
915 4091 970 4144 115.

130 4172 134 4201 ²
200 4163 600 4232 ι)1111111.1111111101111111111111.
620 4169 666 4226 fol
689 4175 737 4225 111
757 4188 781 4226 v.
802 4171 841 4240 (p.
861 4175 903 4241 56,
924 4177 955 4227 17
974 4169 1079 4240 Bekk).

204 4253 226 4315 ¹)
247 4248 362 4308 Cedrcn.
381 4248 444 4308 hist.
463 4254 610 4324 compend.
629 4272 655 4325 p.
668 4253 793 4325 usur.
813 4261 864 4312 550
883 4253 989 4327 Bekln).

199 4338 221 4406 'l
241 4333 356 4396 (ledreu
377 4335 394 4395 l.
412 4354 438 4398 c.
458 4337 495 4399 11.
513 4357 541 4412 p.
561 4345 612 4398 5³0
630 4339 720 4399 Bekk
