3102 4836
689 1075 835 1184 Caput
863 1075 914 1156 II.

554 1299 614 1368 De
641 1299 806 1382 scriptis
821 1299 1048 1369 ‘Eudociae

236 1495 290 1560 Sic
308 1491 310 1500 ’
325 1495 359 1574 ln
391 1496 657 1562 commentatione
688 1501 798 1562 nostra
818 1497 861 1562 ad
882 1500 1001 1578 scripto
1020 1499 1208 1563 Errdociouo
1235 1495 1449 1568 enumeranda

154 1604 195 1681 et,
219 1601 377 1680 quantum
398 1596 525 1672 licebit,
562 1596 768 1682 dijudicanda
795 1599 1016 1684 pervenimus:
1066 1597 1253 1682 priusquam
1281 1605 1387 1663 autem
1408 1597 1450 1663 ad

153 1701 237 1765 hano
257 1720 325 1765 rem
356 1704 575 1784 transeamus,
611 1699 651 1764 de
685 1719 771 1765 more
800 1699 939 1782 quodam
968 1699 1131 1766 Eudociae
1166 1699 1354 1783 aequalibus
1379 1721 1448 1784 pro·

150 1803 221 1887 prio
251 1801 406 1870 nonnulla
432 1799 684 1886 praemittamus.
738 1801 891 1868 Solebant
926 1803 1011 1868 enim
1053 1823 1093 1868 ea
1122 1808 1243 1887 aetate,
1284 1820 1349 1883 qua
1387 1799 1448 1865 Eu-

154 1904 248 1972 doda
276 1904 423 1979 vivebat,
452 1909 485 1969 ct
515 1909 629 1988 postea
656 1903 717 1970 viri
743 1905 945 1988 feminaeque
968 1904 1156 1970 nobilissimi
1178 1904 1230 1970 vel
1251 1903 1347 1968 etiam
1363 1901 1450 1987 prin-

153 2006 242 2092 cipes
264 2026 328 2071 non
349 2004 452 2071 solum
474 2003 589 2076 studiis
621 2015 817 2092 magnopere
839 2006 965 2084 favere,
996 2006 1054 2074 sed
1080 2005 1144 2097 ipsi
1172 2006 1269 2072 etiam
1301 2004 1451 2071 liberales

153 2115 240 2178 artes
262 2107 435 2190 diligenter
464 2113 602 2174 tractare
629 2117 661 2174 ct
687 2109 721 2174 in
748 2109 838 2176 libris
859 2109 1002 2194 pedestri
1023 2109 1194 2191 vinctaque
1216 2105 1359 2173 oratione
1379 2127 1449 2172 con-

87 2239 93 2268 ·
154 2209 331 2276 scribendis
354 2208 486 2276 versari.
527 2209 599 2286 Qua
613 2229 647 2275 re
662 2209 746 2274 inter
760 2230 869 2277 omues
885 2214 1008 2294 familia
1024 2213 1158 2277 Durouo
1174 2215 1206 2274 et
1223 2210 1452 2276 Conseruarum

138 2307 341 2376 'excellebat
384 2311 460 2377 Jam
482 2313 612 2376 Isooous
631 2312 815 2389 Cornuaque,
839 2311 982 2396 quiante
999 2308 1242 2376 Constantinum
1257 2310 1385 2376 Ducam
1399 2331 1449 2378 so·

153 2411 232 2477 lium
253 2411 469 2497 Byzantinum
491 2413 663 2491 obtinebat,
686 2414 804 2500 etipse
826 2415 941 2480 litteris
963 2431 1159 2498 magnopere
1179 2417 1249 2478 erat
1270 2407 1399 2484 deditus
1419 2419 1454 2478 et

153 2513 357 2600 monasteriis
377 2513 559 2598 scholisque
574 2515 711 2600 publicis
726 2515 910 2598 favebat1):
938 2515 1077 2598 itemque
1095 2513 1318 2582 Constantinus
1333 2515 1452 2588 Duras,

153 2635 248 2698 quem
268 2613 397 2682 laudem
418 2616 494 2682 boni
509 2616 644 2683 oratoris
658 2617 759 2702 pluris
781 2617 932 2684 habuisse
946 2639 1042 2702 quam
1057 2615 1148 2682 fortis
1163 2615 1364 2700 imperatoris
1381 2599 1454 2700 jani

153 2717 477 2786 commemoravimus.
527 2718 656 2785 Deinde
690 2721 862 2787 Mlcborlus
888 2721 1006 2793 Duces,
1038 2717 1241 2784 Constantini
1268 2717 1370 2802 filius,
1403 2718 1456 2782 vir
1485 2787 1487 2792 ,

153 2819 422 2886 imbeciIIIssimus
443 2828 475 2886 et
498 2821 594 2888 valde
619 2821 819 2887 effeminatus
843 2841 863 2886 a
884 2821 991 2887 Psello
1013 2820 1174 2903 illuditur,
1204 2819 1289 2904 quod
1311 2819 1456 2884 carmina

152 2919 298 2987 iambicis
321 2926 353 2987 et
375 2923 590 3006 anapaesticis
617 2921 763 2990 versibus
792 2923 872 2988 sine·
891 2928 960 2986 arte
990 2923 1202 3008 componebat
1213 2921 1256 3007 2);
1292 2921 1377 2986 huno
1398 2941 1455 2986 au-

153 3030 217 3089 tem
238 3025 428 3091 Micboclum
452 3025 584 3089 Pscllum
605 3025 719 3109 ipsum,
756 3023 1000 3110 Curopalatam,
1034 3023 1088 3107 qui
1122 3025 1180 3091 sub
1201 3025 1366 3089 Ducarum
1395 3022 1455 3087 im-

152 3127 243 3213 perio
266 3126 398 3192 summIs
420 3125 613 3208 fungebatur
634 3132 666 3192 et
687 3125 860 3192 honoribus
880 3133 912 3192 et
932 3127 1133 3211 muneribus,
1168 3125 1379 3191 clarissimum
1406 3123 1459 3191 vi-

152 3249 257 3298 rorum
279 3226 442 3293 doctorum
465 3227 551 3294 illius
573 3226 726 3312 temporis
748 3225 848 3294 fuisse
869 3249 988 3312 magna
1010 3226 1103 3295 docet
1120 3227 1289 3294 multitudo
1302 3226 1459 3292 librorum

151 3332 192 3397 ab
214 3350 252 3396 eo
271 3329 364 3396 nobis
385 3329 577 3394 relictorum.
614 3331 696 3395 Tum
712 3336 837 3396 constat
850 3329 1060 3413 Nicephorum
1072 3331 1278 3412 Brprnm'um,
1300 3347 1460 3411 generum

151 3433 257 3500 Alexii
270 3434 286 3497 Ι
299 3431 452 3498 Oomneni
474 3429 575 3518 dtur
598 3426 790 3516 ἱστορίας
812 3433 1029 3516 congessisse:
1069 3437 1259 3502 comantem
1270 3435 1460 3514 mortepro-

151 3535 322 3620 biberetur,
345 3533 513 3618 quominus
542 3533 708 3600 consilium
730 3555 835 3600 rerum
868 3535 909 3600 ab
931 3535 1046 3600 Alexio
1078 3541 1242 3620 gestarum
1273 3529 1463 3598 describen-

152 3637 265 3703 darum
288 3640 526 3722 exsequeretur,
545 3635 606 3702 hoc
621 3637 784 3721 inceptum
795 3639 905 3710 Auno,
927 3657 1009 3703 uxor
1024 3637 1103 3722 ejus,
1126 3635 1261 3702 Alexiil
1282 3634 1351 3700 filia
1371 3633 1462 3701 libro

147 3738 409 3826 jamnominato,
436 3737 491 3821 qui
512 3739 641 3804 Alontas
661 3737 853 3823 inscribitur,
875 3737 1018 3823 perfecit.
1060 3739 1211 3824 Denique
1237 3737 1334 3802 etiam
1355 3729 1463 3804 irater

151 3844 265 3908 Annae
286 3841 467 3908 Comnenae
489 3842 631 3914 Isoocus,
655 3844 836 3922 cognomino
856 3839 1156 3924 Porpbpropenitus,
1178 3845 1307 3926 praeter
1329 3838 1464 3906 scholia

155 3944 189 4009 in
209 3943 384 4010 Homerum
398 3942 528 4030 scripsit
549 3962 647 4028 prosa
663 3943 806 4009 oratione
828 3941 971 4008 libellum
1004 3946 1146 4008 derebus
1165 3945 1399 4025 praetercussts
1424 3945 1466 4008 nb

153 4046 304 4120 Homero,
332 4051 364 4112 et
382 4049 659 4114 characterismuto
672 4045 866 4111 Graecorum
877 4045 1150 4128 I'roJ'onorumque
1161 4049 1274 4110 ducum
1288 4065 1328 4110 eu
1335 4045 1466 4128 Dictys,

224 4286 244 4352 ¹)
264 4285 360 4341 Zonar.
378 4282 486 4340 XVIII.
507 4289 530 4338 7.

221 4384 244 4452 ¹)
263 4379 374 4458 Scylitn.
394 4397 420 4450 p.
436 4383 493 4436 856.
513 4375 638 4446 (Cedreu.
662 4375 724 4432 Vol.
739 4373 775 4432 II.
793 4393 820 4448 p.
836 4380 892 4432 725.
911 4375 1022 4445 Belin),
1040 4372 1119 4444 Glyc.
1133 4372 1233 4428 Annal.
1250 4391 1276 4444 p.
1291 4376 1348 4428 615.
1360 4369 1462 4427 Bekk.
