3102 4836
719 205 915 271 ...44-

160 397 338 481 γννσιικῶν·
367 391 530 473 Ἓξὲνισεν
554 391 573 482 ἡ
596 394 700 478 Βσρὼ
722 394 780 482 τὴν
812 390 930 478 Δημάε
963 413 1045 480 quoe
1078 394 1177 461 verba
1204 391 1347 460 Eudocia
1367 411 1394 477 p.
1412 387 1448 456 93

162 497 302 564 exhibet.
339 497 440 582 cujus
460 496 585 564 articuli
618 517 730 564 vocem
753 488 856 578 Βσρώ
886 502 1066 582 corruptam
1097 515 1169 564 esse
1194 497 1264 582 jam
1285 486 1450 560 litterarum

160 597 254 683 ordo,
287 597 343 682 qui
361 597 449 684 apud
468 599 601 666 Suidam
631 597 694 664 hac
716 615 795 664 voce
830 602 880 664 est
910 598 1124 683 perturbatus,
1154 596 1309 664 ostendit:
1346 593 1450 662 deiude

160 719 238 766 vero
259 699 311 767 hic
329 702 418 768 locus
435 700 470 766 in
490 701 571 768 libro
586 703 624 766 A
637 699 679 765 od
700 697 878 783 marginem
898 699 1079 785 adscriptus
1101 707 1160 785 est,
1184 699 1238 766 ubi
1260 703 1345 764 recte
1360 690 1451 762 Βσσώ

160 821 219 886 pro
238 798 343 888 Βαριό
363 803 490 888 legitur,
513 809 610 888 atque
630 800 664 866 in
682 799 813 868 librisV
832 805 865 866 et
885 799 910 866 O
931 821 1060 886 prorsus
1080 801 1216 868 omissus
1237 801 1303 868 est:
1325 797 1452 884 denique

160 901 194 966 in
215 901 266 988 iis,
288 901 343 988 qui
363 904 479 971 litteris
495 909 532 973 Β.
541 909 577 970 Ε.
594 905 678 970 Med.
702 903 825 988 signari
840 903 953 980 solent,
970 896 1072 986 Βαβά
1087 903 1230 969 habetur.
1260 903 1451 986 Quamquam

160 1023 219 1089 per
240 1024 276 1072 se
297 1005 482 1090 ambiguum
501 1013 567 1083 est,
591 1013 697 1074 utrum
718 1005 770 1072 hic
792 1007 881 1072 locus
901 1004 1020 1074 Suidae
1042 1000 1228 1072 tribuendus
1256 1005 1299 1071 sit
1324 1023 1381 1070 neo
1402 1022 1448 1086 ne,

159 1111 268 1173 tumen
289 1107 381 1174 nobis'
407 1108 593 1194 putantibus
621 1129 693 1175 eum
718 1107 858 1175 aSuida
883 1107 916 1173 in
949 1107 1078 1174 lexicon
1108 1112 1272 1193 receptum
1295 1125 1368 1173 esse
1394 1109 1452 1171 sta-

160 1207 313 1274 tuendum
336 1215 386 1275 est
407 1209 491 1276 hunc
510 1203 613 1277 Βανά
635 1209 805 1296 arripuisse
826 1209 974 1294 idemque
995 1209 1029 1274 in
1048 1208 1136 1276 fonte
1156 1229 1214 1276 suo
1236 1207 1365 1294 legisse.
1389 1207 1456 1272 Hac

160 1308 259 1395 igitur
279 1329 315 1376 re
335 1309 487 1377 docemur
507 1309 685 1378 Eudociam
707 1333 771 1380 non
799 1311 920 1377 iontem
942 1309 1072 1388 Suidae,
1101 1309 1159 1378 sed
1186 1310 1333 1395 aliquem
1347 1308 1456 1376 librum

160 1410 232 1495 ejus
254 1419 436 1498 corruptum
458 1412 680 1500 descripsisse.
712 1414 764 1481 Ad
778 1413 914 1481 eundem
925 1411 1149 1497 perveniemus
1164 1411 1295 1498 exitum,
1311 1411 1340 1478 si
1353 1411 1456 1478 varias

160 1511 346 1598 scripturas,
367 1533 450 1599 quae
471 1516 505 1582 in
526 1516 595 1582 vita
615 1517 784 1584 Nicanoris
803 1514 882 1581 Eud.
904 1537 937 1601 p.
952 1515 1024 1580 311.
1045 1513 1133 1582 Suid.
1153 1535 1177 1582 s.
1199 1537 1230 1582 v.
1250 1513 1458 1598 inveniuntur,

160 1616 457 1700 comparaverimus.
494 1616 594 1702 Cujus
613 1616 656 1684 ad
675 1617 771 1684 finem
792 1617 825 1683 in
841 1617 1004 1684 Eudociae
1019 1615 1154 1682 violario
1170 1623 1203 1682 et
1223 1615 1313 1684 codd.
1344 1613 1459 1682 Suidae

158 1716 292 1784 minoris
313 1719 512 1786 auctoritatis
525 1727 600 1806 post
617 1741 669 1786 vu.
690 1719 771 1804 περὶ
795 1721 836 1786 τά
858 1713 962 1798 ὦναξ·
991 1715 1072 1804 περὶ
1101 1711 1343 1804 στιγμῆς·καί
1366 1705 1458 1782 citio.

159 1818 313 1904 legimus:
355 1813 406 1904 ἐφ’
438 1811 459 1908 ᾗ
494 1817 709 1907 πραγματείᾳ
731 1814 967 1904 σκωπτόμενος
1001 1813 1089 1905 πρός
1127 1843 1225 1885 τινων
1260 1811 1459 1903 §cipparius

160 1917 322 1988 ἐκαλεῖτο·
342 1913 367 2013 Ιά
386 1921 447 2006 γάρ
471 1917 561 2010 dq'rrc
582 1916 627 2000 ὠς
648 1921 750 2000 duitor
777 1917 865 1999 ὅπως
897 1917 1096 1989 ἐσκώπτετο.
1148 1921 1240 2000 Quae
1270 1917 1371 1988 verba
1391 1937 1461 1986 cum

81 2031 84 2042 ¹
158 2029 232 2107 post
253 2043 350 2091 voces
372 2022 430 2089 καὶ
458 2019 561 2113 titio,
592 2023 707 2108 quibus
726 2023 883 2110 plurimae
904 2023 993 2091 vitae
1015 2022 1258 2107 concludantur,
1283 2021 1348 2088 sint
1369 2021 1463 2088 collo-

159 2129 234 2190 cata
258 2146 393 2211 cumque
418 2124 452 2190 in
480 2125 610 2210 optimis
640 2125 729 2192 libris
758 2127 788 2192 A
813 2131 846 2192 et
869 2127 899 2192 V
920 2123 1217 2212 praetermittantur
1244 2131 1277 2190 et
1305 2123 1338 2189 in
1360 2123 1412 2190 lib.
1435 2126 1465 2186 Ε

158 2226 262 2294 solum
294 2227 337 2294 ad
364 2225 542 2312 marginem
574 2226 739 2312 adscripta
760 2228 840 2313 sint,
876 2227 945 2294 sine
978 2227 1046 2294 ulla
1074 2225 1273 2292 dubitatione
1293 2222 1466 2292 subditicio

158 2333 233 2396 sunt
252 2327 414 2396 ducenda:
442 2327 577 2415 proinde
611 2328 789 2416 putandum
810 2335 861 2396 est
880 2331 920 2395 ab
939 2329 1083 2396 Eudocia
1099 2349 1164 2396 non
1187 2327 1308 2396 fontem
1330 2325 1463 2412 Suidae,

158 2430 217 2496 sed
236 2438 419 2520 corruptum
437 2431 534 2497 lexiei
554 2432 625 2517 ejus
647 2431 814 2516 exemplar
834 2449 907 2498 esse
927 2438 1124 2516 usurpatum.

201 2617 204 2622 Ι
237 2532 367 2600 Deinde
389 2553 466 2600 vero
489 2532 593 2600 simile
614 2535 806 2620 exemplum,
828 2554 891 2618 quo
921 2535 1044 2600 nullum
1064 2531 1168 2618 magis
1187 2530 1393 2618 perspicuum
1412 2536 1466 2596 at-

159 2652 221 2718 que
243 2633 360 2702 clarius
379 2655 452 2702 esse
473 2639 590 2721 potest,
605 2635 688 2703 alius
708 2637 797 2704 locus
818 2636 960 2720 praebet.
996 2636 1035 2701 In
1056 2635 1215 2720 prioribus
1232 2631 1353 2698 Suidae
1371 2631 1467 2699 libris

158 2735 246 2822 typis
271 2737 416 2806 excussis
440 2757 464 2804 s.
494 2741 555 2804 vu·
575 2733 743 2824 Σωσάιηρ
778 2745 811 2805 et
833 2738 1007 2824 Σωσικλῆς
1037 2739 1137 2806 verba
1168 2736 1326 2803 habentur
1353 2738 1469 2801 Σωσι-

158 2834 286 2926 φάνης·
302 2835 429 2925 ὁμοίως
460 2837 573 2922 κύριον
603 2834 780 2923 (antecedit
807 2841 932 2916 Σῶσις·
968 2833 1075 2924 ὄνομα
1108 2835 1244 2926 κύριον).
1296 2836 1474 2922 Σωσικλῆς

158 2933 366 3026 Σσρσκέσισς
386 2936 541 3025 τραγικός
564 2967 591 3009 κ.
613 2963 641 3008 r.
665 2937 696 3006 ά.
735 2941 858 3008 Eadem
877 2940 912 3006 in
934 2941 1004 3011 cod.
1024 2945 1062 3008 E.
1089 2939 1318 3024 inveniunturq
1337 2938 1372 3004 in
1400 2939 1473 3006 vic

157 3042 239 3110 lario
253 3049 360 3110 autem
375 3042 482 3110 verbis
497 3039 705 3131 Σωσιφάνης·
727 3038 854 3126 ὁμοίως
874 3038 985 3128 κύριον
1002 3043 1160 3130 neglectis
1175 3043 1278 3110 solum
1292 3040 1476 3128 Σωσικλῆς

158 3145 233 3228 Συρ.
265 3141 358 3230 τραγ.
392 3166 430 3212 ιι.·
454 3171 482 3211 τ.
516 3169 548 3210 α.
607 3143 673 3210 Sed
712 3145 890 3212 litterarum
925 3143 1003 3212 ordo
1040 3145 1121 3212 illis·
1138 3144 1173 3210 in
1206 3143 1297 3209 libris
1325 3141 1477 3210 violatus

157 3244 272 3314 iterum
291 3247 489 3316 demonstrat
520 3252 671 3330 corrupta
700 3265 773 3312 esse
805 3247 906 3314 verba
924 3243 1138 3335 Σωσιφάνης·
1171 3241 1197 3313 ὁΙ
1219 3263 1256 3312 a·
1277 3244 1475 3330 Σωσικλῆς·

158 3343 365 3430 Συρακόσιος
386 3342 541 3433 τραγικός
561 3397 570 3414 .
591 3397 597 3412 .
620 3397 644 3428 .,
665 3347 751 3432 quod
772 3348 820 3414 ita
847 3369 919 3416 esse
939 3349 1034 3414 trium
1058 3347 1147 3415 codd.
1170 3346 1306 3414 Parisin.
1325 3345 1470 3413 auctori·

157 3453 225 3516 tate
246 3451 406 3536 probatur,
421 3449 476 3517 ubi
492 3449 617 3515 illorum
631 3449 800 3518 verborum
814 3449 885 3518 loco
907 3450 1039 3534 legitur:
1060 3445 1263 3536 Σωσιφάνης·
1273 3446 1478 3525 coercitas

157 3546 364 3635 Zoparistos
395 3576 443 3636 τρ.
467 3601 474 3616 .
497 3601 505 3617 .
527 3601 551 3632 .,
584 3571 682 3637 quae,
714 3551 743 3618 si
764 3551 842 3636 quid
863 3552 974 3639 video,
996 3537 1151 3638 germana
1171 3558 1222 3618 est
1241 3549 1363 3618 Suidae
1392 3549 1479 3617 scri·

78 3705 82 3716 .
158 3657 262 3736 ptura.
305 3653 471 3732 Quomodo
493 3659 600 3720 autem
621 3654 765 3738 vulgaris
786 3653 944 3740 scriptura
963 3654 1007 3721 sit
1027 3660 1107 3731 orta
1129 3653 1197 3720 cod.
1213 3647 1395 3720 Vossianus
1418 3650 1479 3718 de·

158 3754 268 3840 clarat,
289 3754 323 3820 in
350 3775 413 3842 quo
428 3755 509 3822 haee
534 3757 634 3822 verba
659 3755 834 3822 habentur=
875 3753 1077 3844 Σωσιφάνης
1110 3747 1216 3836 ὄνομα
1249 3748 1363 3840 κύριον
1399 3749 1481 3829 υἱὸς

156 3853 356 3933 Σωσικλέες.
376 3859 491 3925 Verbis
503 3850 706 3939 enimiiropo
728 3855 840 3943 κύριον
859 3878 901 3924 ex
915 3857 1126 3924 antecedente
1146 3858 1342 3942 glossemate
1356 3857 1482 3931 Σῶσις

157 3949 264 4040 ὄνομα
290 3956 404 4044 κύριον
434 3962 517 4028 inter
541 3981 638 4029 voces
656 3955 854 4048 Σωσιφάνης
874 3961 1064 4038 Σωσικλέεις
1086 3960 1179 4044 quasi
1199 3957 1345 4045 delapsis
1375 3973 1484 4024 casus

158 4057 320 4144 genitivus
345 4059 536 4139 Σισσιιιλέεις
556 4062 591 4128 in
612 4061 843 4128 nominativum
859 4061 1031 4146 Σωσικλῆς
1044 4067 1187 4129 mutatus
1203 4067 1260 4128 est
1282 4061 1342 4127 His
1359 4067 1486 4127 autern

158 4159 268 4238 dictis,
298 4161 370 4247 quis
392 4169 459 4239 est,
496 4164 636 4250 quinon
662 4161 832 4248 intellegat
853 4162 1030 4231 Eudociam
1061 4165 1177 4231 iterum
1198 4163 1319 4232 Suidae
1334 4169 1338 4178 “
1351 4162 1488 4232 librum

158 4260 299 4350 aliquem
321 4273 504 4354 corruptum
529 4265 764 4352 descripsisse?
