3102 4836
667 165 853 231 ...q..

102 335 168 406 filii
189 339 305 425 prioris
328 341 529 429 imperatoris
559 345 707 433 precibus
735 335 940 442 lacrimisque
969 354 1081 423 matris
1108 356 1257 426 commoti
1286 357 1416 444 publice

102 439 321 522 declararent,
336 465 397 514 sna
403 449 568 518 voluntate
575 459 711 519 matrem
722 453 815 522 alteri
828 454 943 524 marito
957 457 1123 544 nupsisse:
1142 457 1197 544 qui
1211 458 1316 544 magis
1330 464 1417 526 tutor

101 541 252 630 ipsorum
266 552 364 634 atquc
379 551 471 636 regni
485 572 581 638 quarn
596 553 771 641 imperator
784 555 876 624 foret.
918 557 990 627 Etsi
1011 557 1134 628 familia
1156 559 1302 648 Ducana,
1319 559 1411 645 cujus
1431 644 1432 648 Ἰ

103 654 206 734 caput
227 655 297 716 crat
318 651 461 720 Joanncs
480 655 590 722 Ducas
614 656 745 738 Gaesar,
766 659 969 728 Constantini
989 661 1022 728 X
1044 659 1158 746 frater,
1189 661 1249 730 hoc
1270 669 1415 750 tempore

101 747 189 816 nibil
213 757 324 818 contra
348 774 467 822 novum
495 757 719 845 imperatorem
746 775 943 846 uxoremque
972 763 1044 848 ejus
1072 761 1185 828 molita
1213 768 1280 841 est,
1307 769 1417 830 tamen

101 848 192 918 hanc
207 851 357 938 injuriam
372 876 534 944 nunquam
556 859 597 929 iis
613 851 874 930 condonaverunt
890 869 923 930 et
939 863 1042 935 solum
1056 871 1168 952 aptum
1183 865 1417 950 exspectabant

101 957 235 1040 tempus
257 975 432 1044 poenarum
453 961 495 1028 ab
517 968 651 1050 utroque
674 964 949 1050 petendarum.¹²)

141 1059 144 1066 '
193 1057 333 1144 Imperio
362 1067 470 1128 autem
498 1070 631 1151 accepto
659 1067 825 1132 Romanos
847 1069 1000 1150 Diogenes
1020 1087 1087 1134 uuo
1110 1087 1180 1134 cum
1198 1069 1345 1136 Eudoos'o
1367 1088 1413 1136 rc-

101 1163 235 1242 quobus.
278 1161 314 1228 Si
334 1169 442 1230 autem
464 1163 545 1233 haec
567 1173 739 1251 putaverat
759 1167 948 1254 Diogenem,
970 1188 1066 1254 quem
1086 1168 1203 1256 capitis
1222 1167 1409 1238 damnatum

99 1281 121 1326 c
138 1261 278 1330 vinculis
295 1271 327 1330 et
348 1285 475 1351 carcere
497 1269 531 1334 in
552 1269 633 1336 solio
654 1270 883 1356 imperatorum
904 1279 1071 1358 posuerat,
1093 1269 1162 1338 fore
1175 1270 1279 1340 virum
1297 1269 1411 1340 facilli-

100 1384 202 1450 mnm,
225 1364 280 1450 qui
301 1366 404 1454 ipsius
426 1369 583 1438 voluntati
607 1371 843 1456 obsequeretur,
862 1373 943 1442 haec
965 1393 1041 1459 spes
1054 1371 1127 1456 cam
1146 1370 1315 1465 fefellerat,
1336 1391 1412 1446 nam

100 1466 270 1550 Diogenes
289 1489 353 1535 non
379 1477 449 1538 crat
475 1471 523 1537 ita
543 1479 702 1550 moratus,
731 1479 766 1538 ut
794 1472 934 1542 feminac
962 1475 1161 1542 voluntatem
1189 1473 1320 1541 subiret
1363 1472 1416 1538 Ita

100 1566 314 1655 factumest,
346 1573 430 1652 ntis
458 1595 478 1640 a
509 1575 647 1660 conjuge
668 1575 736 1641 fcrc
769 1571 928 1662 alienatus
960 1575 1064 1662 prim0
1097 1573 1208 1642 statim
1239 1594 1324 1641 anno
1356 1572 1414 1639 im-

101 1671 188 1758 perii
212 1671 419 1741 constitueret
438 1675 471 1742 in
490 1676 603 1743 Asiam
624 1683 736 1743 contra
756 1679 877 1744 lurcos
905 1677 1064 1765 proficisci
1092 1695 1225 1762 remque
1252 1673 1415 1762 publicam

102 1773 395 1843 administrandam
423 1778 516 1846 uxori
545 1779 759 1863 affinibusque
782 1779 852 1864 ejus
879 1780 1070 1865 relinquere.
1113 1779 1153 1845 In
1180 1777 1292 1844 Asiam
1315 1775 1414 1862 igitur
1518 1805 1521 1822 ·

102 1881 328 1962 transgressus
350 1879 453 1964 primo
472 1903 565 1948 omne
588 1880 735 1948 studium¹
750 1884 847 1965 atque
870 1901 1002 1968 operam
1023 1879 1058 1946 in
1079 1898 1117 1948 eo
1139 1877 1264 1966 posuit,
1296 1885 1333 1945 ut
1361 1897 1413 1944 res

102 1977 261 2046 militares
283 1979 380 2046 valde
405 1982 586 2066 neglectas,
617 1989 772 2068 quantum
792 1989 920 2068 posset,
951 1987 1158 2068 componeret
1177 1987 1275 2066 atque
1298 1977 1414 2046 consti-

102 2087 226 2147 tueret:
247 2101 342 2164 quem
358 2081 511 2149 adfinem
522 2104 673 2168 magnum
685 2082 816 2167 collegit
832 2083 1014 2160 exercitum,
1036 2105 1133 2170 quem
1154 2081 1301 2150 omnibus
1317 2080 1412 2148 rebus

103 2183 338 2267 ornavitatquc
349 2184 508 2254 instruxit.
523 2186 789 2271 Postquamhacc
797 2185 887 2252 brevi
896 2185 1039 2271 tempore
1048 2185 1165 2264 effecit,
1177 2183 1289 2268 copias
1301 2187 1414 2250 contra

102 2285 226 2352 'lurcos
248 2283 376 2353 Iberiae
394 2285 551 2372 imprimis
579 2295 612 2354 ct
637 2287 827 2374 adjacentes
849 2287 997 2374 regiones
1019 2285 1297 2373 Mesopotamiam,
1318 2282 1413 2350 chal-

102 2387 237 2472 daeam,
264 2373 466 2474 Melitenam,
503 2389 675 2455 Coloneum
700 2390 873 2476 populatos
897 2388 990 2456 duxit
1018 2409 1123 2475 neque
1141 2388 1226 2454 male
1247 2385 1309 2454 hoo
1326 2405 1411 2452 anno

101 2509 171 2556 rem
180 2488 282 2574 gessit
292 2487 436 2555 hostibus
448 2488 571 2558 duobus
583 2491 715 2578 procliis
726 2489 855 2576 fugatis.
875 2490 990 2558 Hieme
1001 2499 1109 2558 autem
1123 2487 1406 2578 appropinquante

103 2591 206 2677 copiis
225 2589 258 2656 in
279 2589 421 2657 hibernis
445 2593 609 2662 collocatis
637 2597 709 2682 ipse
737 2593 894 2672 victorin
916 2594 1028 2660 urbem
1047 2591 1141 2660 rediit
1162 2609 1268 2675 neque
1288 2587 1335 2655 ibi
1355 2585 1411 2654 diu

104 2699 246 2759 moratus
268 2692 383 2760 iterum
405 2693 438 2758 in
464 2694 576 2763 Asiam
598 2697 744 2783 revertit,
776 2703 812 2764 ιιι
831 2695 936 2762 denuo
960 2694 1107 2762 barbaris
1129 2693 1249 2760 bellum
1269 2689 1411 2757 inferret.

104 2799 218 2880 Neque
239 2794 300 2862 hoc
320 2815 404 2860 anno
426 2797 534 2876 (1069)
555 2799 726 2867 infeliciter
748 2798 807 2867 scd
826 2796 931 2882 magis
954 2795 1087 2882 ancipiti
1099 2797 1203 2864 Marte
1217 2814 1285 2861 rem
1300 2789 1411 2880 gessit.

104 2899 189 2964 Vero
210 2895 374 2980 sequentis
397 2897 473 2962 anni
501 2897 690 2988 imperator,
723 2909 896 2988 postquam
928 2898 962 2964 in
995 2897 1119 2982 regiam
1150 2895 1256 2964 redire
1287 2893 1411 2972 statuit,

104 2998 287 3066 Manuclum
318 2998 516 3066 Oomnenum
548 3001 672 3066 Ducem
707 3001 862 3068 exercitui
884 2999 1008 3068 Graeco
1032 2997 1232 3086 praefectum
1270 2996 1409 3083 reliquit,

104 3101 175 3187 ipsc
207 3099 241 3164 in
272 3099 383 3164 urbem
416 3103 557 3168 revertit.
604 3103 686 3169 Dum
717 3109 825 3170 autem
858 3099 1026 3168 Manuelns
1059 3099 1242 3168 Gomncnns
1271 3097 1410 3186 juvenili
1495 3099 1500 3109 ’

105 3201 234 3287 quidem
262 3206 371 3268 aetate
401 3203 458 3269 sed
486 3203 675 3272 adolescens
700 3204 893 3272 fortissimus
918 3208 956 3286 ,ct
981 3201 1058 3268 belli
1087 3201 1302 3288 peritissimus
1321 3201 1409 3290 regis

104 3305 205 3392 ipsius
228 3304 337 3390 culpa,
368 3303 423 3388 qui
445 3305 568 3372 invidia
589 3311 764 3374 commotus
789 3326 941 3392 magnam
961 3303 1122 3372 exercitus
1143 3309 1269 3392 partem
1290 3303 1409 3374 abillo

104 3404 219 3474 deduci
246 3405 416 3492 jussisset,
451 3427 603 3493 magnam
630 3408 755 3476 cladem
786 3409 982 3494 accepisset,
1014 3405 1160 3492 proximo
1189 3426 1274 3474 anno
1296 3405 1407 3487 (1071)

105 3561 313 3574 .....-——--

177 3641 209 3708 ¹2)
238 3639 390 3698 Michaelus
413 3641 518 3714 Glycas
543 3644 573 3698 in
596 3645 697 3702 Annal.
722 3645 769 3702 lib.
790 3644 840 3702 IV.
860 3662 886 3716 p.
916 3649 965 3702 608
992 3641 1081 3700 Bekk
1106 3641 1177 3698 hacc
1204 3641 1286 3698 affert
1308 3640 1409 3699 verba:

62 3725 69 3738 '
105 3729 177 3798 εῖχεν
200 3728 354 3798 (Διογένης)
378 3731 496 3806 ἐφέδριις
518 3727 567 3792 sris
589 3750 618 3786 τι
642 3728 784 3804 προγονὲς
808 3729 878 3787 αὐτό
896 3735 943 3784 καὶ
963 3735 1094 3801 Καίσαρα
1112 3727 1163 3786 τὸν
1180 3733 1214 3788 τῦ
1237 3736 1407 3805 προβιβασι-

106 3808 378 3888 λευκότοςάδελφόνι
404 3832 476 3886 quac
488 3814 611 3871 Joanncs
626 3817 816 3882 Leunclavius,
836 3816 884 3887 qui
905 3832 938 3870 ca
956 3814 1009 3870 hoc
1028 3814 1111 3892 modo
1123 3815 1221 3871 vortit:
1242 3813 1290 3884 „in
1302 3813 1409 3884 nuptiis

106 3898 262 3954 adsessores
279 3898 402 3955 habebat
413 3899 555 3972 privignos
569 3919 632 3956 suos
649 3905 678 3956 et
688 3900 834 3956 Caesarem
853 3901 932 3965 cet.“,
951 3898 1063 3954 minima
1080 3907 1156 3956 reete
1170 3899 1312 3958 intellexit.
1336 3905 1407 3955 cum

106 3984 177 4040 enirn
197 4001 212 4040 c
229 3983 359 4040 Michaeli
378 3984 464 4041 Attal.
479 3985 541 4042 hist
558 4001 585 4055 p.
600 3989 646 4040 101
669 3983 757 4043 Beldr.
776 3987 894 4042 sciamus
913 3985 1070 4041 Romanum
1087 3985 1243 4058 Diogenem
1259 3985 1331 4040 clam
1342 3983 1408 4040 filiis

105 4085 167 4126 cum
185 4070 284 4142 regina
300 4069 474 4127 matrimonio
490 4072 671 4142 conjunctum
690 4087 758 4137 esse,
776 4071 946 4144 adjectivum
963 4072 1079 4145 ἐφέδροι
1093 4071 1120 4130 lr.
1139 4071 1157 4128 l.
1177 4068 1335 4144 significare
1351 4087 1408 4128 non

105 4162 195 4228 potest
213 4156 414 4226 „adscssores“,
437 4155 599 4213 vertendum
619 4164 662 4212 est
678 4161 776 4214 contra
795 4156 1014 4228 „insidiatores
1040 4161 1072 4212 ut
1096 4173 1146 4212 nos
1169 4156 1307 4232 Scylitzao
1329 4157 1407 4212 locus

104 4243 191 4308 docet,
211 4242 261 4314 qui
275 4243 412 4314 reperitur
425 4263 451 4317 p.
473 4249 522 4302 822
542 4243 612 4311 (Vol
628 4243 664 4300 11.
682 4260 708 4316 p.
722 4248 771 4300 667
791 4241 899 4313 Bam),
916 4242 968 4302 κᾶν
988 4238 1172 4318 disparilem
1197 4247 1329 4323 ouufdpsc
1348 4244 1405 4316 εἶχε

103 4327 148 4393 trio
162 4327 317 4406 προγονὲς,
335 4332 453 4407 ἐφέδριις
469 4331 500 4388 δὲ
519 4331 625 4407 μᾶλλον
643 4333 733 4386 εἰπεῖν
750 4326 934 4405 ἀληθέστερον
950 4369 956 4384 .
970 4370 977 4386 .
992 4367 1019 4384 ..
