3102 4836
665 189 855 256 ..5.-

110 373 249 442 Gedreni
279 373 361 451 loeis¹
391 375 497 444 citatis
533 379 677 445 liudocio
709 378 990 446 Mocrernbolittsso
1021 383 1123 461 neptis
1166 375 1295 448 (sororis
1327 375 1409 465 tilia)

108 476 266 544 Gerularii
305 481 402 559 atque
442 476 528 544 idem
562 478 745 545 Gerularius
781 480 916 544 Joonnis
958 482 1120 562 enjusdam
1156 481 1411 556 Moerembolitoe

104 583 212 645 socius
243 578 278 642 in
306 577 433 654 insidiis
464 587 575 646 contra
596 580 787 652 Michaelem
809 580 1051 665 Paphlagonem
1079 580 1194 666 positis
1220 581 1409 668 nominetur,

107 679 187 764 quid
208 678 334 746 facilius
356 687 405 746 est
424 671 467 746 ad
481 681 731 767 conjiciendum,
754 702 850 764 quam
871 681 955 763 bunc
971 684 1125 762 loannem
1140 684 1410 764 Maerembolitorn

106 781 257 848 maritum
279 781 397 850 sororis
420 782 575 850 Gerularii
597 783 697 850 luisse
716 793 852 868 eumque
879 784 1408 866 111111111111111111111111111111-

106 886 229 950 tisana?
272 885 362 951 Haeo
383 884 424 950 de
445 892 537 971 patre
559 885 731 953 Eudociac.

185 985 307 1069 ¹Neque
324 989 360 1053 de
371 989 535 1070 ι1111111111
546 988 760 1074 imperatricis
781 987 859 1053 certi
871 985 1044 1071 quidquam
1056 986 1190 1053 scimus:
1203 986 1275 1052 ,nisi
1293 985 1408 1070 quode

104 1085 230 1170 studiis,
254 1107 337 1171 quae
357 1087 474 1156 fecisse
496 1110 568 1154 eam
590 1088 711 1172 scripta
732 1089 803 1174 ejus
826 1088 1006 1173 ostendunt,
1029 1108 1200 1172 amoreque
1220 1088 1407 1176 litterarum,

103 1207 169 1272 quo
196 1186 317 1254 femina
340 1189 546 1275 imperatoria
572 1189 730 1274 dignitate
759 1196 873 1257 ornata
900 1195 970 1254 erat
996 1181 1205 1266 inflammata,
1234 1209 1405 1274 possumus

103 1289 264 1372 conjicere
286 1292 419 1376 egregia
439 1293 617 1358 litterarum
637 1292 815 1377 artiumque
837 1290 1050 1374 institutione,
1072 1295 1194 1373 quanta
1215 1291 1343 1376 quidem
1366 1311 1407 1358 ea
1476 1329 1479 1339 ‹

102 1397 212 1456 aetate
236 1398 319 1468 erat,
346 1393 435 1460 illam
465 1395 606 1479 puellam
633 1401 665 1459 et
690 1393 850 1478 virginem
878 1412 951 1460 esse
978 1391 1123 1458 tructam.
1168 1391 1262 1458 Certe
1283 1391 1405 1458 eisdem

102 1492 199 1558 rebus
213 1494 344 1577 gloriari
366 1496 478 1581 potuit,
501 1517 581 1581 quas
602 1515 637 1562 se
657 1502 817 1562 tractasse
830 1495 926 1562 Anna
941 1494 1104 1561 Oomnena
1123 1493 1158 1558 in
1170 1493 1404 1577 praefatione⁹)

101 1594 286 1680 Alexiadis,
321 1618 383 1681 quo
412 1599 493 1666 libro
529 1597 700 1683 descripsit
734 1618 785 1664 res
816 1598 857 1664 ab
885 1595 1039 1663 Alexiol
1068 1604 1161 1680 patre
1195 1616 1253 1662 suo
1283 1603 1403 1680 gestas,

102 1695 195 1763 dicit:
220 1697 398 1780 „Equidem
419 1701 514 1766 Anna
529 1700 693 1768 Oomnena
708 1699 816 1766 Alexii
838 1703 870 1764 et
884 1700 996 1764 Irenes
1018 1695 1086 1764 filia
1106 1697 1140 1762 in
1165 1716 1308 1781 purpura
1327 1703 1404 1794 nata

101 1804 200 1882 atque
221 1797 357 1865 educata
377 1823 441 1868 non
463 1803 565 1868 solum
585 1801 764 1868 litterarum
786 1821 851 1866 non
872 1800 971 1876 rudis,
992 1799 1051 1866 sed
1073 1799 1171 1866 etiam
1193 1799 1310 1866 Graeci
1331 1786 1402 1866 ser-

101 1903 205 1970 monis
222 1904 376 1968 rationem
391 1905 458 1970 aori
474 1904 578 1970 studio
604 1903 755 1988 amplexa
775 1910 807 1968 et
824 1901 1052 1968 rhetoricarum
1068 1901 1334 1968 exercitationum
1347 1921 1402 1968 ne·

100 2025 262 2090 quaquam
275 2025 391 2090 expers
407 2027 485 2088 sum,
509 2012 541 2072 et
552 2005 734 2072 Aristotelis
746 2009 832 2070 artes
844 2003 1052 2088 Platonisque
1072 2003 1219 2088 dialogos
1231 2002 1403 2088 diligenter

99 2107 227 2189 legiae
252 2111 391 2172 mentem
417 2107 659 2192 disciplinarum
689 2105 856 2191 quadrivio
880 2104 1036 2172 excolui.“
1077 2104 1220 2172 Olariore
1248 2105 1401 2182 historiae

7 2221 8 2236 *
98 2209 172 2274 luce
193 2209 356 2276 lludociae
384 2209 451 2275 vita
478 2209 639 2276 illustrata
660 2216 710 2275 est
739 2207 814 2274 inde
837 2212 1038 2293 atempore,
1072 2227 1134 2292 quo
1160 2205 1248 2293 prior
1281 2207 1400 2292 conjux

98 2311 170 2395 ejus
192 2310 359 2396 imperium
382 2319 431 2377 est
453 2311 599 2396 adeptus.
643 2311 722 2375 Erat
744 2310 829 2375 enim
851 2309 923 2394 illa,
950 2315 985 2374 ut
1003 2311 1073 2394 jam
1093 2314 1190 2376 antea
1209 2329 1399 2378 commemo-

98 2413 250 2498 ravimus,
273 2434 360 2480 naor
382 2413 580 2481 Constantini
596 2415 721 2487 Dncoe,
751 2410 813 2477 viri
827 2431 945 2496 genere
960 2411 1158 2478 nobilissimo
1176 2419 1208 2478 et
1222 2410 1399 2481 clarissimo

99 2514 174 2598 orti,
197 2515 252 2598 qui
274 2535 302 2582 a.
327 2515 409 2579 1059
432 2534 450 2578 e
471 2515 618 2580 manibus
640 2513 746 2580 Isaaci
769 2512 924 2579 Oomneni
948 2513 1052 2580 adhuc
1072 2515 1139 2580 vivi
1161 2519 1322 2600 sceptrum
1344 2535 1398 2581 co-

96 2616 495 2700 ronamqueByzantinam
518 2622 698 2702 acceperat.
737 2614 942 2700 Quamquam
961 2621 1068 2680 autem
1090 2634 1224 2699 regnum
1240 2615 1397 2700 Byzanti-

97 2739 173 2784 num
194 2739 232 2784 eo
254 2725 407 2803 tempore,
430 2739 492 2801 quo
515 2717 743 2784 Constantinus
764 2719 869 2785 faotus
893 2726 942 2784 cst
962 2717 1146 2802 imperator,
1168 2716 1234 2782 fere
1256 2714 1397 2800 undique
1496 2729 1499 2736 '

96 2819 238 2887 externis
261 2820 405 2886 hostibus
434 2820 663 2886 circumdatum
684 2840 812 2906 semper
833 2841 951 2904 magno
980 2820 1013 2884 in
1035 2819 1178 2904 periculo
1200 2819 1398 2904 versabatur,

95 2929 204 2988 tamen
226 2920 277 2987 hic
306 2922 435 2988 minime
465 2929 612 2988 strenuus
635 2929 705 2990 erat
726 2922 819 3007 regni
846 2921 1027 2988 moderator
1048 2925 1081 2987 et
1101 2920 1255 3007 impiger:
1292 2941 1397 3014 neque

7 3043 8 3046 ’
94 3023 208 3090 Turois
230 3023 264 3088 in
287 3023 424 3104 oriente,
452 3043 556 3107 neque
580 3024 740 3109 Scythicis
769 3025 919 3108 gentibus
946 3023 980 3090 in
1008 3021 1173 3090 occidente
1202 3021 1282 3090 fines
1304 3022 1397 3108 regni

94 3126 297 3192 vastantibus
325 3127 581 3210 vexantibusque
604 3147 676 3191 eum
697 3125 798 3212 copiis
827 3133 878 3192 sat
904 3125 1012 3192 multis
1041 3123 1174 3192 obstitit.
1223 3123 1288 3192 Sed
1310 3123 1396 3190 domi

94 3229 295 3306 morabatur,
327 3247 520 3312 quamquam
546 3228 618 3313 ipse
639 3229 803 3312 indoctus,
833 3227 1014 3296 hominibus
1044 3227 1147 3295 doctis
1178 3225 1395 3312 sophistisque

93 3327 243 3414 stipatus,
265 3331 381 3414 quibus
401 3351 519 3418 magno
540 3329 646 3397 studio
660 3331 790 3397 favebat
801 3333 856 3408 ¹⁰):
880 3351 1015 3414 cumque
1029 3330 1101 3415 ipse
1116 3328 1293 3397 doctrinam
1308 3349 1394 3395 ama-

92 3437 160 3516 ret,
193 3431 301 3498 dicere
324 3434 450 3500 solebat
477 3432 598 3520 „pluris
620 3452 656 3500 se
678 3431 794 3499 ducere
816 3433 952 3518 gloriam
970 3433 1116 3500 doctrina
1140 3451 1237 3516 quam
1257 3430 1395 3518 impera-

92 3533 185 3601 toriis
211 3535 380 3602 virtutibus
402 3533 612 3620 paratumst)
655 3535 777 3604 Octavo
798 3534 926 3622 imperii
953 3556 1037 3603 anno
1059 3537 1168 3602 Ducas
1190 3533 1339 3602 diuturno
1361 3541 1394 3602 et

92 3635 188 3721 gravi
208 3638 316 3704 morbo
338 3657 529 3724 oppressus,
562 3657 634 3702 cum
662 3636 748 3703 vitae
777 3637 873 3703 finem
893 3639 1057 3722 ,accedere
1085 3636 1233 3722 sentiret,
1259 3655 1393 3721 regnum

91 3737 185 3803 uxori
208 3757 287 3805 suae
308 3739 437 3823 reliquit
459 3746 492 3806 et
514 3738 614 3805 tribus
634 3738 726 3824 filiis,
755 3740 810 3822 qui
832 3737 972 3805 nondum
993 3739 1035 3804 ad
1064 3759 1136 3806 eam
1158 3744 1297 3805 aetatem
1317 3757 1392 3823 per-

90 3847 257 3920 venerant,
279 3846 314 3905 ut
336 3839 538 3925 imperatoris
560 3839 668 3906 officia
695 3842 859 3928 suscipere
888 3847 1029 3926 possent.
1071 3842 1262 3926 Priusquam
1286 3847 1393 3906 autem

91 3941 185 4008 uxori
212 3941 381 4026 imperium
410 3948 442 4006 et
470 3943 602 4008 tutelam
630 3942 802 4010 liberorum
828 3963 958 4011 suorum
982 3943 1128 4021 tradidit,
1157 3945 1198 4012 ab
1219 3965 1260 4012 ea
1280 3949 1392 4030 postu·
1477 3989 1481 3996 ·

163 4205 185 4272 ⁹)
206 4205 304 4258 Annae
323 4205 416 4262 Comn.
436 4203 514 4260 Alex.
534 4203 620 4273 praef.
639 4205 713 4270 (Vol.
731 4205 753 4262 l.
773 4225 800 4278 p.
818 4213 833 4262 l
853 4205 1006 4278 Schopen.).

161 4288 194 4357 ¹⁰)
214 4289 339 4347 Michael.
360 4289 486 4346 Attaliot.
504 4288 552 4345 fol.
575 4294 629 4346 181.
648 4306 673 4346 v.
692 4307 718 4360 p.
743 4299 774 4349 78
793 4292 881 4348 Beklr.

160 4377 194 4443 ¹¹)
213 4375 310 4436 Zonar.
327 4375 405 4434 VIII.
426 4381 449 4436 9.
