3102 4836
667 1151 668 1160 ‘
711 1149 858 1262 Caput
886 1155 978 1239 lit·
1010 1173 1013 1184 '

257 1399 318 1470 Da
337 1397 596 1482 Philostrato,
623 1399 787 1472 Laertie
812 1403 1005 1488 Diogene,
1026 1375 1187 1489 Nonne,
1216 1408 1399 1482 lontibus

630 1550 848 1638 Eudociao',¹
874 1557 1057 1666 egitha
1095 1555 1099 1562 '

254 1740 306 1808 De
318 1741 460 1809 lontibus
479 1741 618 1810 vitarum
633 1743 822 1830 scriptorum
837 1743 1041 1830 virorumque
1055 1743 1227 1824 doctorum,
1243 1764 1324 1831 quas
1337 1748 1478 1819 Eudocia

179 1841 214 1908 in
233 1841 360 1910 lexicon
372 1863 473 1911 suum
494 1844 624 1930 recepit,
643 1846 783 1914 maxime
803 1845 838 1912 hi
857 1846 1030 1933 scriptores
1041 1853 1116 1914 sunt
1129 1847 1330 1916 conferendi:
1353 1852 1477 1932 Suidm,

175 1943 407 2030 Philostratus,
431 1945 576 2020 Laertius
599 1949 758 2032 Dispersus,
777 1949 921 2028 Nosses,
939 1949 1098 2034 interpres
1118 1947 1340 2018 nonnullemm
1361 1954 1477 2021 oratio·

104 2127 106 2130 Ι
178 2065 256 2113 num
275 2069 297 2114 a
316 2047 473 2132 Gregorio
493 2047 700 2116 Nazianzeno
726 2049 917 2118 habitarum.
958 2051 1111 2118 Attamen
1117 2101 1126 2136 ,
1154 2051 1342 2136 priusquam
1361 2053 1393 2120 in
1412 2053 1475 2120 dis·

178 2147 315 2217 serendo
335 2149 379 2215 ad
392 2147 525 2215 Suidam
540 2156 573 2216 et
589 2151 738 2220 Nonnum
758 2150 914 2237 venimus,
936 2149 977 2218 de
994 2149 1113 2236 ouibus
1132 2150 1235 2220 fusius
1252 2161 1285 2221 et
1299 2156 1476 2223 accuratius

177 2250 270 2344 nobis
290 2251 462 2318 meandum
482 2251 557 2329 erit,
590 2250 643 2318 de‘
657 2251 852 2321 Philostrato
879 2258 913 2320 ct
935 2251 1064 2319 Laertio
1091 2253 1238 2338 Diogene
1271 2256 1481 2340 disputemus,
1530 2327 1531 2340 ,

177 2353 233 2420 ubi
258 2352 338 2421 satis
365 2355 426 2420 erit
451 2353 624 2438 rationem,
639 2373 739 2438 -quae
757 2355 841 2421 inter
860 2362 1029 2438 utrumque
1042 2359 1074 2421 et
1091 2355 1266 2424 Ettdoeiam
1288 2357 1482 2446 intercedat,

176 2455 290 2544 paucis
322 2455 430 2523 verbis
469 2453 732 2524 describere.-
753 2457 945 2523 Philostrati
973 2460 1055 2522 ottos
1088 2451 1299 2540 sophistarum
1330 2457 1484 2528 Eudocia

176 2555 403 2645 plerumque
392 2577 427 2624 1n
454 2557 615 2642 epitomen
640 2555 781 2624 brevem
798 2563 830 2624 et
858 2556 1054 2645 incomptam
1081 2567 1210 2626 coactas
1236 2555 1356 2625 reddit:
1396 2581 1479 2644 quae
1531 2577 1532 2606 ι

178 2660 352 2730 summaria
371 2659 529 2746 imprimis
548 2679 600 2726 res
613 2659 656 2725 ed
675 2657 776 2728 sitam
796 2659 986 2746 scriptorum
1005 2659 1189 2748 spectantes
1198 2643 1478 2744 comprehendunt

176 2763 305 2833 omissis
337 2781 447 2830 eorum
477 2760 624 2847 placitis,
657 2761 841 2846 sententiis,
870 2759 965 2828 dictis
998 2767 1174 2828 memoratu
1201 2761 1330 2846 dignis,
1365 2761 1480 2847 quihus

174 2865 378 2955 potissimum
390 2861 577 2930 Philostrati
596 2862 684 2931 vitae
702 2863 795 2931 nobis
815 2869 927 2948 gratae
947 2869 980 2930 ct
1000 2870 1153 2951 acceptae
1174 2871 1256 2931 sunt.
1292 2863 1331 2930 In
1344 2865 1480 2932 conscri-

175 2967 290 3037 bendis
311 2965 461 3034 vero'his
482 2963 643 3052 excerptis
663 2971 785 3033 certum
804 2967 992 3052 plerumque
1013 2965 1180 3033 consilium
1199 2971 1236 3032 et
1251 2965 1333 3032 ratio
1355 2965 1397 3031 ab
1414 2965 1478 3052 epi-

174 3075 333 3140 tomatorc
354 3067 526 3135 observata
546 3069 612 3132 cst:
641 3066 748 3152 'atque
767 3067 806 3152 is,
826 3067 881 3152 qui
900 3067 1058 3154 epitomas
1076 3067 1153 3135 fecit
1176 3107 1207 3114 -
1233 3065 1376 3134 dubitari·
1393 3069 1475 3134 enim

174 3179 312 3259 potest,
327 3189 410 3258 num·
433 3167 578 3234 Endocia
607 3167 681 3254 ipsa
709 3165 897 3235 Philostrati
923 3167 1009 3236 vitas
1035 3167 1300 3254 exscripserit-
1320 3167 1477 3253 epitomas

174 3295 251 3344 suas
270 3273 319 3341 ita
337 3269 515 3339 instituisse
535 3269 690 3352 videtur,
706 3275 743 3336 ut
760 3288 816 3336 eas
836 3269 879 3336 ad
898 3271 1080 3358 exemplum
1098 3268 1237 3337 vitarum
1255 3289 1277 3334 a
1294 3267 1396 3335 Suida
1414 3274 1478 3335 tra·

174 3375 313 3446 ditatum
333 3370 596 3441 accommodaret.
628 3369 723 3450 Quod
742 3379 778 3439 ut
795 3369 946 3457 efficeret,
966 3371 1027 3438 has
1044 3391 1096 3438 ros
1111 3369 1285 3456 praecipue
1309 3369 1478 3455 excerpsit,

174 3493 257 3566 quae
287 3475 373 3544 inira
401 3480 567 3544 secuntur:
613 3478 644 3550 a)
664 3493 781 3540 nomen
810 3473 990 3560 scriptoris,
1029 3473 1064 3554 b)
1083 3471 1223 3558 patriam
1253 3477 1286 3538 ct
1315 3479 1418 3538 artem
1446 3475 1480 3537 et

173 3601 291 3650 nomen
307 3578 411 3665 patris
430 3577 511 3662 ejus,
530 3573 563 3661 o)
581 3575 711 3640 nomina
728 3581 974 3663 praeceptorum
994 3580 1026 3642 ct
1045 3573 1285 3660 discipulorum,
1303 3571 1355 3652 d)-
1369 3571 1480 3656 vitam,

173 3703 288 3770 moros,
307 3685 456 3764 aetatem,
475 3683 505 3756 e)
526 3676 648 3764 scripta
668 3675 709 3742 ab
730 3695 768 3744 eo
789 3677 975 3765 composita.
1431 3697 1435 3706 ’

249 3809 304 3878 Sic
321 3807 441 3874 factum
462 3802 521 3894 est,
540 3813 577 3872 ut
597 3801 728 3891 saepius
747 3803 834 3891 ordo,
854 3826 938 3892 quo
932 3803 1167 3871 Philostratoae
1184 3800 1272 3870 vitae
1291 3805 1367 3870 sunt
1385 3799 1480 3867 insti·

171 3901 278 3999 tutae,
299 3911 341 3978 ab
362 3930 410 3995 eo,
431 3905 486 3994 qui
506 3905 668 3996 epitomen
687 3906 782 3996 illam
795 3907 887 3996 iecit,
915 3905 1011 3976 valde
1031 3927 1084 3972 mu
1085 3913 1171 3974 tatus
1200 3905 1256 3992 sit;
1296 3903 1350 3970 cir.
1380 3907 1480 3970 citam

173 4001 336 4104 Apollonii
359 4011 556 4080 Naucratitt's
582 4003 671 4098 apud
695 3987 843 4078 Philostr
870 4011 925 4079 vit.
953 4008 1043 4098 soph.
1062 4005 1104 4074 II.
1126 4009 1168 4074 39
1195 4015 1228 4074 et
1250 4006 1283 4072 in
1311 3992 1485 4078 Eudooiae

171 4119 246 4188 vicl.
264 4137 326 4205 p.
291 4115 367 4184 6.6
407 4113 503 4198 Vitae
522 4119 646 4198 autem,
672 4131 756 4196 quae
783 4111 1009 4180 ePhilostrati
1035 4109 1089 4179 vit
1117 4103 1250 4196 sophist.
1276 4103 1455 4220 sumptae
1445 4125 1480 4170 ιιι

171 4212 337 4293 Eddoeia'e
356 4193 527 4284 ¹tiolarium
547 4219 622 4282 sunt
641 4219 802 4328 receptae,
821 4211 884 4328 hac
904 4217 995 4282 sunt:¹
1134 4223 1154 4314 l'
