3102 4836
505 235 509 261 ,
613 109 841 250 ἐιι-

2 417 3 435 .
34 369 36 374 ’
75 385 230 454 romum
248 361 394 434 studium
405 367 511 445 ¹atque
533 358 633 428 otium
650 359 684 427 in
698 358 851 438 ¹Platonis
870 356 1172 444 seriptislegendis
1190 363 1224 425 et
1244 361 1382 426 tractan-

78 471 129 540 dis
149 467 314 556 posuisse,
339 464 436 540 uelut
455 460 613 548 Psellum,
645 466 891 548 praeceptorem
907 459 1045 540 iliorum
1062 460 1293 547 imperatricis,
1325 459 1381 547 qui

78 571 258 658 complures
278 568 378 636 libros
406 563 448 632 de
468 563 613 634 Platonis
633 561 839 650 philosophia
864 561 1056 648 composuit,
1085 561 1182 632 valde
1210 563 1385 632 verisimile

81 681 131 742 est
145 673 232 742 illam
252 687 379 756 quoque
401 667 436 735 in
464 665 560 752 hujus
588 664 773 753 philosophi
794 664 922 752 scriptis
944 663 1091 750 legendis
1112 685 1186 734 esse
1207 671 1380 748 versatum

79 776 162 846 unde
175 779 372 861 compertum
385 769 538 840 habuisse
552 767 777 840 Archimedem
790 767 989 842 Trallianum
1009 766 1077 845 (cfr.
1094 787 1125 852 p.
1142 768 1197 848 30)
1215 759 1268 846 εἷς
1290 790 1384 848 τινας

80 869 318 952 collidebam
341 865 501 957 διαλόγες
520 870 783 942 commentarium
806 867 1046 956 conscripsisse.
1064 869 1146 936 Tum
1164 888 1232 938 non
1252 865 1384 938 dubium

78 985 143 1066 est,
172 977 252 1064 quin
272 975 329 1046 illa
348 973 449 1044 uerba
471 971 515 1040 ad
534 973 677 1060 Epicteti
697 971 799 1042 vitam
821 970 934 1040 addite
957 967 1102 1060 (ἔγραψε
1127 967 1253 1056 πολλὰ)
1273 964 1381 1057 ἠθικὰ

74 1076 257 1168 (ἦθικῆςῖ),
270 1073 478 1164 φιλοσοφίας
500 1067 671 1154 ἀνάμεστα
695 1093 756 1142 suo
785 1081 879 1142 utens
897 1071 1028 1159 judicio,
1048 1071 1189 1159 potuerit
1207 1091 1382 1158 apponere.

79 1181 142 1248 His
155 1199 238 1258 ¹vero
258 1175 445 1266 praemissis
466 1184 602 1263 apparet
623 1177 800 1247 Eudociam
828 1173 987 1263 ejusmodi
1015 1174 1113 1254 locos,
1138 1175 1287 1260 qualibus
1312 1173 1384 1242 Sui·
1460 1246 1467 1260 ,

76 1282 141 1350 dae
162 1286 322 1368 praestet,
357 1278 477 1347 addere
498 1278 652 1364 potuisse.
695 1278 787 1358 Quae
816 1277 961 1346 sumita
988 1276 1070 1362 sint,
1101 1276 1292 1364 intellegere
1319 1297 1384 1344 non

72 1401 219 1468 possum,
242 1402 299 1450 eur
318 1379 456 1448 nolimus
478 1379 655 1449 concedere
675 1378 766 1446 illam
787 1400 823 1448 re
845 1397 924 1448 vera
945 1377 1135 1464 adjunxisse
1150 1377 1209 1448 hos
1230 1380 1318 1446 locos
1340 1377 1386 1446 ad
1410 1365 1416 1394 ‘

70 1505 123 1572 ea,
147 1504 234 1572 quae
253 1481 388 1552 eSuida
408 1481 586 1551 hausisset:
608 1483 705 1552 immo
726 1501 805 1550 vero
822 1480 855 1568 ii,
879 1479 934 1566 qui
954 1486 1071 1566 putant
1086 1481 1175 1548 illem
1189 1502 1254 1549 non
1271 1500 1384 1550 ausam

69 1605 149 1655 esse
182 1604 411 1669 nonnunquam
437 1583 559 1652 iontem
582 1604 675 1652 suum
695 1603 815 1670 augere
837 1589 870 1652 et
896 1581 1077 1668 emendare,
1105 1581 1184 1649 mihi
1209 1581 1284 1652 falsi
1310 1603 1384 1652 esse

70 1687 226 1759 videntur
253 1707 358 1773 neque
387 1685 482 1759 satis
495 1686 703 1774 perspexisse
732 1683 904 1814 rationem,
933 1705 999 1771 qua
1024 1691 1168 1754 uteretur
1194 1685 1383 1772 imperatrix

71 1791 111 1858 in
129 1789 213 1858 libro
234 1809 293 1858 suo
314 1788 510 1874 eolligendo.

161 1891 276 1978 Neque
297 1891 370 1960 volo
391 1890 584 1959 contendere
610 1890 652 1956 ab
673 1889 819 1959 Eudooia
839 1845 926 1974 sola,
949 1909 1033 1972 quae
1063 1909 1082 1958 e
1104 1889 1208 1958 Suidn
1230 1895 1386 1976 excerpta

78 1990 155 2070 sint,
174 2000 269 2061 aneta
289 1999 323 2062 et
343 1991 542 2078 amplificata
574 2012 656 2062 esse.
697 1993 783 2060 Nam
808 1990 907 2059 etiam
934 1991 1037 2058 altera
1064 1991 1120 2058 via
1147 2011 1225 2078 pars
1253 1991 1384 2058 additu-

74 2100 255 2162 mentorum
274 2094 431 2162 illorum
421 2115 456 2160 m
472 2093 672 2161 violarium
661 2113 806 2181 nrepere,
823 2099 1006 2180 potuerunt.
1042 2092 1123 2174 Quis
1138 2100 1196 2172 est,
1216 2094 1272 2179 qni
1286 2101 1385 2180 neget

74 2195 241 2265 Eudoeiae
255 2197 410 2283 seriptum
424 2195 541 2263 eodem
554 2195 658 2282 modo,
674 2216 737 2282 quo
751 2196 881 2284 plurimi
895 2195 966 2281 ejus
981 2196 1111 2281 generis
1133 2194 1207 2262 libri
1221 2231 1265 2244 -
1277 2195 1385 2263 lexico

78 2297 166 2375 enim
185 2297 260 2367 dico
272 2335 315 2372 -,
329 2298 395 2372 sint
409 2298 559 2384 corrupti,
576 2297 782 2366 aleatoribus
801 2297 905 2372 doctis
924 2303 957 2364 et
971 2297 1108 2365 indoctis
1124 2317 1197 2372 esse
1211 2297 1384 2384 interpola

77 2399 169 2466 tum?
211 2399 320 2486 Atque
339 2421 374 2469 re
401 2421 480 2468 vera
502 2401 672 2468 uiolarium
690 2419 916 2485 nonnusquam
937 2418 959 2469 a
978 2399 1065 2468 viris
1078 2398 1182 2466 doctis
1196 2399 1384 2487 posterioris

76 2501 247 2588 temporis,
269 2521 367 2589 qnam
388 2521 451 2586 quo
479 2501 625 2570 Eudoeia
651 2501 791 2588 viveret,
811 2501 1042 2588 amplificatum
1056 2519 1059 2526 ’
1072 2521 1146 2572 esse
1180 2501 1385 2570 manifestum

77 2601 263 2688 exemplum
297 2604 340 2670 ab
360 2603 528 2672 Harlessio
557 2603 591 2670 in
626 2603 743 2674 introd.
768 2605 803 2673 in
830 2603 904 2672 hist
932 2603 1012 2690 ling.
1034 2623 1082 2690 gr.
1106 2603 1150 2670 Π.
1172 2625 1205 2690 p.
1227 2604 1289 2672 367
1312 2625 1384 2690 pro·

76 2701 176 2770 latum
197 2703 301 2773 docet
338 2705 378 2772 In
405 2705 590 2774 narratione
612 2706 698 2774 enim
718 2705 760 2772 de
780 2706 882 2792 'lhoja
900 2712 933 2774 et
952 2705 1166 2791 Trojanorum
1186 2707 1328 2775 adventu
1349 2707 1384 2774 in

74 2804 204 2874 Italiam
228 2827 268 2893 p.
296 2807 369 2876 402.
399 2815 593 2894 provocatur
620 2808 663 2876 ad
694 2807 917 2880 testimouium
944 2806 1087 2894 Gyriaoi.
1100 2807 1295 2878 Anconitani
1315 2806 1387 2897 (qui

75 2907 160 2976 chus
190 2909 356 2980 modulum
389 2909 468 2977 XV.
482 2909 577 2990 vixit)
604 2910 713 2979 verbis
746 2897 825 2988 ἷιτος
852 2904 1051 2998 ἀπήγγειλεν
1070 2904 1150 2998 ἡμῖν
1172 2904 1384 2997 Κιριακὸεὸ

73 3003 237 3096 Ἀγκιῦνις
256 3033 285 3078 κ.
305 3034 332 3078 τ.
355 3009 384 3079 λ.
426 3009 481 3078 Sic
501 3011 601 3080 etiam
621 3011 656 3083 in
670 3031 738 3088 ,uno
759 3009 902 3086 dolosis
926 3010 1114 3098 praemissis
1134 3033 1160 3083 s.
1181 3032 1212 3080 ι.
1237 3006 1387 3094 dativae

78 3109 175 3193 verba
196 3109 257 3194 uqi,
275 3108 317 3177 τὰ
337 3106 507 3196 καλάμινα
528 3109 703 3206 Ναζιακά,
732 3132 805 3180 cum
826 3121 901 3200 post
922 3133 1019 3182 voces
1044 3113 1103 3186 ,καὶ
1117 3175 1120 3182 ,
1136 3106 1238 3201 duta,
1269 3111 1386 3198 quibus

78 3211 196 3281 Suidae
209 3218 251 3298 ¹et
271 3213 435 3298 Eudooiae
455 3213 543 3284 vitae
564 3209 618 3280 vel
638 3212 800 3299 potiusin
821 3214 958 3300 singulis
979 3215 1056 3287 vitis
1076 3215 1207 3290 iudices¹
1220 3235 1387 3286 enumera-

77 3321 181 3384 torum
199 3313 353 3385 librorum
373 3315 562 3402 plerumque
582 3315 822 3404 concluduntur,
836 3316 903 3386 sint
925 3318 1093 3396 auocata
1105 3317 1200 3388 dooto
1222 3317 1321 3388 alicui
1341 3318 1387 3388 le·

83 3417 161 3482 etori
177 3414 288 3486 deberi
296 3416 494 3506 ¹videntur⁷);
505 3418 646 3503 itemque
657 3438 682 3488 ι.
693 3439 724 3486 ι.
736 3417 859 3506 Χάραξ
872 3441 904 3508 p.
919 3421 960 3487 31
976 3418 1149 3491 verbasci
1164 3418 1275 3488 πολλὰ
1288 3417 1387 3508 φιλό-

84 3537 175 3602 σοφιι
189 3553 223 3590 ··,-
233 3517 276 3584 τὰ
283 3512 390 3606 λόγια,
401 3540 485 3607 quas
496 3519 583 3604 aqud
588 3519 723 3588 Suidam
733 3539 760 3590 s.
772 3541 824 3588 vv.
836 3517 1001 3604 Συριανός
1011 3514 1210 3606 eluctatos
1220 3520 1386 3607 reperim-

79 3623 138 3686 tor.
180 3617 332 3705 Denique
362 3615 459 3704 tertia
490 3622 546 3702 via
576 3627 685 3709 petet,
714 3641 794 3708 qua,
825 3623 984 3716 quomodo
1012 3622 1075 3690 hae
1096 3623 1300 3692 accessiones
1322 3622 1389 3692 sint

77 3727 179 3802 ortae„
196 3717 470 3810 explicari-lieet:
500 3725 585 3792 Nam
607 3745 671 3794 non
698 3723 903 3804 incredibile
914 3730 966 3796 est
986 3723 1085 3800 ¹illum
1113 3723 1235 3795 Suidae
1260 3725 1386 3812 librum,

76 3823 159 3890 nude
178 3830 334 3910 excerpta
347 3824 535 3894 hludoeiana
552 3827 698 3912 profecta
715 3825 788 3911 sint,
805 3832 1033 3912 corruptumst
1051 3847 1072 3894 a
1089 3827 1242 3896 studiosis
1253 3825 1388 3896 homini·

71 3923 133 3993 bns
154 3925 386 4012 locupletatum
406 3927 516 3996 fuisse.
552 3927 675 4008 Quibus
694 3929 875 4015 perspectis
896 3935 1022 3996 tantum
1035 3930 1145 4017 abest,
1161 3936 1198 3997 ut
1213 3929 1388 3998 concedam

72 4023 149 4096 iilos
173 4027 270 4114 locos,
292 4029 409 4116 quihus
430 4027 575 4098 Eudooia
596 4029 730 4100 Soidam
752 4037 944 4120 exsuperat,
965 4049 1038 4102 esse
1059 4051 1192 4102 causam
1213 4033 1294 4100 satis
1315 4053 1388 4118 gra·

144 4265 172 4334 1)
189 4263 309 4322 maun
322 4267 374 4324 hoe
398 4267 526 4324 Philetas
550 4269 684 4340 seriphum
703 4269 796 4325 etiam
807 4285 825 4324 a
845 4266 949 4324 ussus
969 4270 1006 4326 cd
1030 4257 1173 4390 Lycophr.
1190 4286 1214 4326 s.
1233 4272 1285 4325 633
1303 4273 1333 4325 et
1351 4268 1388 4326 ab

71 4351 226 4410 Euanthia
244 4351 282 4410 ad
299 4352 382 4410 Hom
399 4371 427 4426 p.
448 4358 524 4411 1885.
1312 4389 1315 4403 .

1125 4445 1140 4500 3
