3102 4836
709 160 967 254 -14—-f

163 350 252 420 alten
272 348 450 416 Litteratur
470 348 537 416 und
557 349 675 430 Kunst)
694 347 784 418 edita
805 349 882 416 aT.
904 348 940 416 O.
959 348 1131 435 Tyohseno
1147 355 1180 416 et
1200 348 1239 415 A.
1259 348 1300 416 H.
1317 349 1355 416 L.
1375 348 1464 416 Hee-

167 472 244 520 reno
260 456 342 537 part.
364 449 393 516 V
415 457 448 518 et
469 450 516 517 VI
534 472 598 522 non
618 451 691 538 pari
710 451 888 518 litterarum
909 451 1045 520 scientia
1065 471 1171 537 neque
1192 452 1291 520 tantis
1312 451 1466 520 librorum

165 553 317 622 subsidiis
338 551 512 622 instructus
535 559 631 639 atquc
651 554 706 620 illc
725 553 830 620 fontes
846 553 1060 642 articulorum,
1079 555 1135 640 qui
1155 552 1313 641 dicuntur,
1332 553 1466 621 investi·

164 653 271 742 gavit,
299 654 354 740 qui
375 656 434 722 sub
454 654 570 721 litteris
591 657 699 724 B-M
720 655 885 722 habentur.
920 655 985 722 Alii
1001 655 1118 722 deinde
1145 655 1239 722 sedes
1266 657 1466 742 singulorum

165 757 306 826 locorum
326 757 489 842 requirere
509 758 674 843 multaque
694 753 857 824 Eidociae
878 757 980 824 verba
1007 763 1040 826 et
1061 757 1148 828 locos
1174 759 1227 825 vel
1247 757 1336 844 ipsos
1358 779 1466 826 emen-

166 861 245 928 dare
276 861 330 928 vel
355 879 464 926 eorum
494 879 556 946 ope
590 861 681 938 illos,
712 859 798 926 unde
831 857 1003 944 desumpta
1036 865 1110 927 sunt
1133 858 1340 946 Eudociana,
1375 861 1466 934 lucos

166 963 326 1048 corrigere
351 960 541 1028 studuerunt
552 961 601 1048 ¹⁰).
644 962 735 1028 Haec
756 961 797 1028 de
816 960 1103 1028 historioViolarii.
1144 963 1238 1028 Nunc
1263 961 1304 1042 de
1329 965 1466 1036 ratione,

135 1074 230 1150 ‚qua
250 1063 396 1132 Eudooia
420 1061 535 1130 librum
557 1050 772 1150 composuerit
803 1067 900 1147 atque
920 1061 1110 1150 instituerit,
1141 1062 1234 1136 uobis
1266 1061 1328 1130 erit
1356 1060 1467 1148 dispu·
1536 1079 1537 1158 ᾗ

164 1163 309 1234 tandum.

250 1265 396 1335 Eudocia
415 1266 490 1352 ipsa
511 1265 554 1334 ad
578 1265 674 1332 finem
702 1266 912 1354 praefationis
941 1265 1075 1335 violario
1103 1265 1302 1353 praemissae
1330 1265 1409 1334 dicit
1431 1286 1469 1334 se

165 1391 225 1458 per
245 1371 371 1437 litteras
390 1368 488 1452 (κατὰ
513 1370 690 1454 στοιχεῖον)
717 1367 832 1434 librum
861 1388 954 1435 suum
975 1389 1047 1436 esse
1068 1369 1275 1454 scripturam:
1317 1361 1470 1454 ἄρξομαι

168 1471 214 1560 δὲ,
235 1472 349 1558 inquit,
372 1464 442 1537 ἀπὸ
463 1471 506 1537 σέ
525 1463 620 1552 pride
641 1471 701 1555 τῆς
716 1465 873 1557 Ἀθηνᾶς,
889 1465 974 1536 ’ἐπεὶ
995 1468 1051 1536 καὶ
1074 1467 1198 1555 ἔφορος
1218 1465 1352 1557 σοφίας,
1368 1464 1413 1547 ὥς
1436 1464 1470 1534 oi

166 1568 277 1641 πάλαι
299 1567 546 1657 τροπίκώτερον
569 1567 837 1656 ἐφιλοσόφησαν·
867 1569 927 1636 καὶ
947 1569 989 1636 τὰ
1017 1570 1166 1658 καθεξῆς
1193 1569 1276 1637 κατὰ
1306 1577 1470 1653 στοιχεῖον

167 1669 424 1759 ἇπογράφομαι.
467 1669 561 1750 Quod
582 1667 749 1736 consilium
773 1671 820 1738 ita
841 1678 890 1740 est
912 1679 1033 1759 secuta,
1053 1678 1088 1738 ut
1109 1672 1269 1758 articulos,
1291 1673 1346 1758 qui
1361 1673 1472 1740 littera

166 1781 194 1844 A
215 1775 373 1861 incipiunt
393 1774 446 1840 vel
467 1772 574 1858 potius
595 1769 629 1836 in
651 1771 765 1855 quibus
788 1794 828 1840 ea
850 1795 929 1860 vox,
961 1773 1002 1840 de
1024 1795 1088 1858 qua
1109 1795 1188 1860 prae
1214 1777 1330 1843 ceteris
1353 1775 1471 1864 agitur,

98 1883 102 1892 '
167 1879 230 1947 hac
251 1879 360 1944 littera
380 1875 503 1961 incipit,
525 1875 584 1942 sub
606 1873 667 1941 hac
689 1874 797 1942 littera
811 1882 962 1961 poneret:
983 1875 1042 1942 sed
1056 1876 1141 1942 intra
1155 1876 1307 1946 articulos
1322 1877 1471 1964 ejusdem

168 1982 296 2049 litterae
317 1977 405 2048 haud
426 1978 523 2044 anxie
538 1976 716 2063 litterarum
737 1975 879 2044 ordinem
896 1983 1050 2044 servaret.

252 2079 382 2148 Deinde
403 2086 510 2146 autem
529 2098 648 2162 magna
673 2079 768 2145 turba
794 2080 997 2146 articulorum
1024 2081 1066 2146 ab
1093 2079 1237 2148 Eudocia
1267 2081 1473 2158 collectorum

169 2184 344 2254 secundum
364 2188 588 2269 argumentum
606 2180 641 2245 in
662 2180 743 2246 duas
765 2200 901 2266 magnas
923 2189 1032 2268 partes
1054 2180 1271 2266 disjungenda
1298 2190 1367 2270 est,
1394 2205 1473 2269 qua-

170 2309 242 2355 rum
264 2289 367 2354 altera
387 2305 440 2352 res
461 2281 695 2369 mythologicas
717 2282 950 2368 historicasque
972 2291 1005 2350 et
1032 2284 1257 2369 antiquitates,
1287 2286 1390 2369 altera
1419 2308 1472 2355 res

172 2389 216 2456 ad
236 2389 416 2456 litterarum
445 2385 612 2454 historiam
639 2383 824 2452 referendas
853 2385 1081 2472 complectitur.
1117 2385 1187 2452 Has
1209 2394 1319 2472 partes
1340 2389 1473 2475 femina,

170 2511 254 2576 quae
268 2490 437 2558 riciarium
452 2487 590 2574 scripsit,
611 2486 660 2552 ita
682 2487 854 2574 separavit,
875 2493 910 2554 ut
931 2488 1058 2572 singula
1079 2489 1138 2556 snb
1159 2489 1268 2555 littera
1280 2490 1388 2575 priore
1400 2491 1474 2558 loco

172 2592 299 2660 fabulas
320 2589 540 2676 mythologice
562 2608 699 2674 graecae
721 2594 753 2654 ct
775 2589 842 2656 alia
870 2591 940 2674 ejus
966 2591 1094 2674 generis
1120 2591 1292 2658 collocaret
1316 2597 1349 2657 et
1370 2593 1475 2660 altero

169 2695 241 2764 loco
268 2695 354 2762 vitas
373 2695 518 2760 veterum
535 2692 723 2777 scriptorum
742 2691 836 2776 quasi
855 2691 1067 2778 appendicem
1085 2693 1278 2778 adjungeret
1304 2713 1342 2760 eo
1364 2693 1472 2780 modo,

171 2785 208 2865 ut
227 2798 287 2866 sub
300 2793 607 2883 praescriptionibus
634 2794 873 2878 historicorum,
895 2793 1099 2880 medicorum,
1117 2800 1294 2881 poetarum,
1310 2793 1475 2884 rhetorum

171 2907 231 2968 etc.
250 2899 382 2967 nomina
406 2896 603 2980 singulorum
633 2889 787 2963 virorum
802 2894 966 2982 doctorum
991 2896 1205 2964 distribueret.
1248 2897 1284 2962 Si
1301 2896 1400 2982 igitur
1419 2917 1476 2966 ex-

171 3001 270 3090 empli
284 2999 391 3084 gratia
411 2997 667 3064 distributionem
691 2997 895 3064 articulorum
916 3017 941 3064 s.
962 2998 1021 3068 litt.
1045 3003 1076 3064 A
1097 2998 1280 3066 cadentium
1294 2999 1478 3068 considere·
1541 2997 1543 3116 l

171 3124 250 3181 mus,
271 3101 357 3168 hunc
376 3101 575 3167 inveniemus
598 3099 759 3166 ordinemt

213 3206 241 3273 1.
263 3203 407 3270 Priorem
427 3203 533 3269 locum
554 3200 698 3268 obtinent
719 3201 856 3286 articuli,
877 3201 992 3286 quibus
1014 3200 1055 3268 de
1077 3199 1172 3268 rebus
1194 3201 1420 3288 mythologicis
1443 3211 1479 3271 et

271 3311 331 3374 cet.
398 3304 468 3370 tur.

125 3424 128 3430 ·
206 3409 248 3476 II.
270 3324 408 3473 Deinilgel
421 3409 573 3471 secuntur
594 3403 722 3470 articuli
742 3403 785 3470 ad
805 3403 986 3472 litterarum
1008 3404 1174 3472 historiam
1195 3411 1396 3492 spectantes:
1540 3377 1543 3456 i

300 3511 329 3576 1.
351 3508 447 3575 Vitae
467 3505 705 3592 historicorum,
726 3507 756 3570 2.
776 3505 981 3593 medicorum,
1003 3508 1032 3573 3.
1054 3505 1225 3594 rhetorum,
1246 3508 1276 3574 4.
1297 3514 1479 3596 poetarum,
1541 3467 1543 3544 ⁴

300 3613 331 3679 5.
353 3608 643 3696 grammaticorum,
664 3608 693 3673 6.
716 3607 988 3694 philosophorum.
1542 3633 1543 3638 ¹

174 3734 383 3746 ...---—-—

175 3828 177 3852 ³
243 3815 275 3885 ¹⁰)
296 3815 338 3870 Eo
358 3813 485 3882 consilio,
503 3819 535 3868 ut
554 3813 614 3884 ipse
631 3812 678 3882 ait,
694 3811 859 3880 Hordeonius
886 3809 946 3879 (cfr.
966 3811 1116 3868 introduct.
1136 3810 1167 3864 in
1186 3810 1280 3868 histor.
1300 3812 1367 3886 ling.
1386 3831 1481 3886 graec.

174 3911 240 3961 tom.
254 3901 291 3959 II.
310 3899 411 3973 peril.
431 3917 458 3970 p.
472 3903 532 3968 367)
552 3899 675 3969 scripsit:
696 3898 957 3954 Commentationum
972 3898 1029 3951 ricc
1048 3897 1078 3950 c'n
1095 3897 1244 3952 Eudoct‘oe
1261 3899 1413 3952 niolnrium
1433 3901 1483 3954 ob·

175 3989 363 4046 screationum
374 3987 522 4055 monimen,
540 3987 688 4053 Ενὶααααο
705 3989 770 4040 1785
784 3983 831 4041 fol.
851 3983 953 4038 Similis
973 3983 1082 4053 generis
1097 3984 1180 4038 etiam
1199 3983 1252 4040 hac
1266 3989 1482 4042 suntcommen·

176 4076 310 4132 tationes:
328 4073 535 4126 Friesemann:
555 4073 584 4126 in
601 4071 784 4126 Collectaneis
802 4069 912 4136 criticis,
931 4068 1132 4123 Amstelodami
1147 4073 1212 4126 1786
1225 4068 1289 4128 edit.
1303 4086 1329 4139 p.
1345 4074 1393 4126 187
1406 4087 1484 4151 sqq„

180 4160 398 4226 Commentatio,
424 4176 498 4231 quae
515 4159 545 4214 in
561 4158 718 4214 Annalibus
734 4153 1178 4212 Helmstadtiensibusadhibetur
1195 4171 1280 4212 mens.
1321 4155 1377 4212 Jul.
1399 4159 1484 4235 17893

147 4313 152 4323 1
177 4249 276 4303 Fricd.
297 4245 434 4319 Spitancr.
451 4245 586 4302 curarum
608 4243 693 4302 critic.
720 4243 749 4298 in
769 4241 873 4298 scholia
890 4239 1031 4312 Apollonii
1048 4239 1150 4296 Rhodii
1173 4246 1201 4296 et
1217 4237 1360 4298 Eudociae
1382 4241 1484 4298 violat.

172 4331 269 4407 partie.
288 4331 311 4388 Ι.
329 4330 463 4392 wittani.
487 4339 560 4391 rara.
