<?xml version="1.0" encoding="UTF-8"?>
<!DOCTYPE html PUBLIC "-//W3C//DTD XHTML 1.0 Transitional//EN"
    "http://www.w3.org/TR/xhtml1/DTD/xhtml1-transitional.dtd">
<html xmlns="http://www.w3.org/1999/xhtml" xml:lang="en" lang="en">
 <head>
  <title>
</title>
<meta http-equiv="Content-Type" content="text/html;charset=utf-8" />
  <meta name='ocr-system' content='tesseract 3.04.00' />
  <meta name='ocr-capabilities' content='ocr_page ocr_carea ocr_par ocr_line ocrx_word'/>
</head>
<body>
  <div class='ocr_page' id='page_1' title='image "./quaestionumeudo00nitzgoog_0021.png"; bbox 0 0 3102 4836; ppageno 0'>
   <div class='ocr_carea' id='block_1_1' title="bbox 628 186 906 304">
    <p class='ocr_par' dir='ltr' id='par_1_1' title="bbox 628 186 906 304">
     <span class='ocr_line' id='line_1_1' title="bbox 628 186 906 304; baseline 0.014 -46"><span class='ocrx_word' id='word_1_1' title='bbox 628 186 906 304; x_wconf 11' lang='lat'><strong>⁵416..</strong></span> 
     </span>
    </p>
   </div>
   <div class='ocr_carea' id='block_1_2' title="bbox 39 393 1529 592">
    <p class='ocr_par' dir='ltr' id='par_1_2' title="bbox 39 393 1529 592">
     <span class='ocr_line' id='line_1_2' title="bbox 153 393 1529 487; baseline 0.007 -22"><span class='ocrx_word' id='word_1_2' title='bbox 153 401 192 465; x_wconf 87' lang='lat' dir='ltr'><em>A</em></span> <span class='ocrx_word' id='word_1_3' title='bbox 212 401 290 464; x_wconf 85' lang='lat' dir='ltr'><strong>etK</strong></span> <span class='ocrx_word' id='word_1_4' title='bbox 308 393 430 462; x_wconf 89' lang='lat' dir='ltr'><strong>ambitu</strong></span> <span class='ocrx_word' id='word_1_5' title='bbox 451 395 591 463; x_wconf 83' lang='lat' dir='ltr'><strong>maxime</strong></span> <span class='ocrx_word' id='word_1_6' title='bbox 611 395 750 463; x_wconf 85' lang='lat' dir='ltr'><strong>violatus</strong></span> <span class='ocrx_word' id='word_1_7' title='bbox 772 404 830 484; x_wconf 88' lang='lat' dir='ltr'><strong>est,</strong></span> <span class='ocrx_word' id='word_1_8' title='bbox 845 400 916 484; x_wconf 88' lang='lat' dir='ltr'><strong>jam</strong></span> <span class='ocrx_word' id='word_1_9' title='bbox 936 399 1041 467; x_wconf 91' lang='lat' dir='ltr'><strong>minus</strong></span> <span class='ocrx_word' id='word_1_10' title='bbox 1060 398 1236 470; x_wconf 90' lang='lat' dir='ltr'><strong>litterarum</strong></span> <span class='ocrx_word' id='word_1_11' title='bbox 1255 409 1294 474; x_wconf 86' lang='grc' dir='ltr'><strong>Β.</strong></span> <span class='ocrx_word' id='word_1_12' title='bbox 1306 409 1342 470; x_wconf 89' lang='grc' dir='ltr'><strong>Γ.</strong></span> <span class='ocrx_word' id='word_1_13' title='bbox 1354 410 1461 487; x_wconf 85' lang='grc' dir='ltr'><strong><em>Δ.Ε.,</em></strong></span> <span class='ocrx_word' id='word_1_14' title='bbox 1528 421 1529 428; x_wconf 76' lang='grc'>’</span> 
     </span>
     <span class='ocr_line' id='line_1_3' title="bbox 39 499 1459 592; baseline 0.006 -25"><span class='ocrx_word' id='word_1_15' title='bbox 39 499 45 508; x_wconf 83' lang='grc'><em>’</em></span> <span class='ocrx_word' id='word_1_16' title='bbox 152 519 225 568; x_wconf 90' lang='lat' dir='ltr'><strong>raro</strong></span> <span class='ocrx_word' id='word_1_17' title='bbox 247 503 369 565; x_wconf 90' lang='lat' dir='ltr'><strong>tantum</strong></span> <span class='ocrx_word' id='word_1_18' title='bbox 388 504 500 565; x_wconf 89' lang='lat' dir='ltr'><strong>contra</strong></span> <span class='ocrx_word' id='word_1_19' title='bbox 519 518 591 564; x_wconf 88' lang='lat' dir='ltr'><strong>eum</strong></span> <span class='ocrx_word' id='word_1_20' title='bbox 609 505 777 583; x_wconf 90' lang='lat' dir='ltr'><strong>peccatum</strong></span> <span class='ocrx_word' id='word_1_21' title='bbox 796 508 845 567; x_wconf 87' lang='lat' dir='ltr'><strong>est</strong></span> <span class='ocrx_word' id='word_1_22' title='bbox 863 501 923 566; x_wconf 92' lang='lat' dir='ltr'><strong>sub</strong></span> <span class='ocrx_word' id='word_1_23' title='bbox 944 501 1002 566; x_wconf 90' lang='lat' dir='ltr'><strong>litt.</strong></span> <span class='ocrx_word' id='word_1_24' title='bbox 1016 507 1061 570; x_wconf 87' lang='lat' dir='ltr'><strong>H.</strong></span> <span class='ocrx_word' id='word_1_25' title='bbox 1079 509 1106 568; x_wconf 86' lang='grc' dir='ltr'><strong>Ι.</strong></span> <span class='ocrx_word' id='word_1_26' title='bbox 1129 509 1181 569; x_wconf 88' lang='grc' dir='ltr'><strong>Μ.</strong></span> <span class='ocrx_word' id='word_1_27' title='bbox 1210 508 1245 570; x_wconf 87' lang='grc'><strong>0.</strong></span> <span class='ocrx_word' id='word_1_28' title='bbox 1265 509 1310 592; x_wconf 85' lang='grc' dir='ltr'><strong>Τ.,</strong></span> <span class='ocrx_word' id='word_1_29' title='bbox 1334 507 1459 576; x_wconf 89' lang='lat' dir='ltr'><strong>incolu-</strong></span> 
     </span>
    </p>
   </div>
   <div class='ocr_carea' id='block_1_3' title="bbox 77 599 1459 1713">
    <p class='ocr_par' dir='ltr' id='par_1_3' title="bbox 77 599 1459 1713">
     <span class='ocr_line' id='line_1_4' title="bbox 152 599 1458 680; baseline 0.01 -13"><span class='ocrx_word' id='word_1_30' title='bbox 152 601 213 667; x_wconf 90' lang='lat' dir='ltr'><strong>mis</strong></span> <span class='ocrx_word' id='word_1_31' title='bbox 230 599 409 666; x_wconf 87' lang='lat' dir='ltr'><strong>litterarum</strong></span> <span class='ocrx_word' id='word_1_32' title='bbox 427 600 505 666; x_wconf 93' lang='lat' dir='ltr'><strong>ordo</strong></span> <span class='ocrx_word' id='word_1_33' title='bbox 526 599 585 666; x_wconf 94' lang='lat' dir='ltr'><strong>sub</strong></span> <span class='ocrx_word' id='word_1_34' title='bbox 604 600 663 668; x_wconf 91' lang='lat' dir='ltr'><strong>litt.</strong></span> <span class='ocrx_word' id='word_1_35' title='bbox 686 608 723 669; x_wconf 90' lang='lat' dir='ltr'><strong>Z.</strong></span> <span class='ocrx_word' id='word_1_36' title='bbox 745 609 792 668; x_wconf 85' lang='lat' dir='ltr'><strong>A.</strong></span> <span class='ocrx_word' id='word_1_37' title='bbox 813 609 855 668; x_wconf 90' lang='grc' dir='ltr'><strong>Ν.</strong></span> <span class='ocrx_word' id='word_1_38' title='bbox 876 609 921 670; x_wconf 87' lang='grc' dir='ltr'><strong>Π.</strong></span> <span class='ocrx_word' id='word_1_39' title='bbox 942 609 977 670; x_wconf 90' lang='grc' dir='ltr'><strong>Ρ.</strong></span> <span class='ocrx_word' id='word_1_40' title='bbox 998 607 1034 671; x_wconf 85' lang='grc' dir='ltr'><strong>Σ.</strong></span> <span class='ocrx_word' id='word_1_41' title='bbox 1053 611 1092 669; x_wconf 79' lang='lat' dir='ltr'><strong>d).</strong></span> <span class='ocrx_word' id='word_1_42' title='bbox 1116 609 1159 672; x_wconf 89' lang='lat' dir='ltr'><strong>X.</strong></span> <span class='ocrx_word' id='word_1_43' title='bbox 1186 609 1225 672; x_wconf 76' lang='grc' dir='ltr'><strong>Ψ.</strong></span> <span class='ocrx_word' id='word_1_44' title='bbox 1248 609 1279 672; x_wconf 84' lang='grc' dir='ltr'><em>Ω</em></span> <span class='ocrx_word' id='word_1_45' title='bbox 1297 611 1392 678; x_wconf 92' lang='lat' dir='ltr'><strong>nobis</strong></span> <span class='ocrx_word' id='word_1_46' title='bbox 1407 632 1458 680; x_wconf 84' lang='lat' dir='ltr'><strong>oc</strong></span> 
     </span>
     <span class='ocr_line' id='line_1_5' title="bbox 152 701 1459 794; baseline 0.009 -24"><span class='ocrx_word' id='word_1_47' title='bbox 152 703 258 770; x_wconf 89' lang='lat' dir='ltr'><strong>currit.</strong></span> <span class='ocrx_word' id='word_1_48' title='bbox 295 701 502 794; x_wconf 20' lang='lat' dir='ltr'><strong>Etiamthaec</strong></span> <span class='ocrx_word' id='word_1_49' title='bbox 516 701 643 768; x_wconf 88' lang='lat' dir='ltr'><strong>violarii</strong></span> <span class='ocrx_word' id='word_1_50' title='bbox 661 704 849 770; x_wconf 90' lang='lat' dir='ltr'><strong>instituendi</strong></span> <span class='ocrx_word' id='word_1_51' title='bbox 862 705 954 782; x_wconf 90' lang='lat' dir='ltr'><strong>ratio,</strong></span> <span class='ocrx_word' id='word_1_52' title='bbox 973 727 1045 772; x_wconf 91' lang='lat' dir='ltr'><strong>cum</strong></span> <span class='ocrx_word' id='word_1_53' title='bbox 1060 726 1133 772; x_wconf 88' lang='lat' dir='ltr'><strong>mea</strong></span> <span class='ocrx_word' id='word_1_54' title='bbox 1147 709 1275 792; x_wconf 91' lang='lat' dir='ltr'><strong>quidem</strong></span> <span class='ocrx_word' id='word_1_55' title='bbox 1294 717 1459 783; x_wconf 87' lang='lat' dir='ltr'><strong>sententia</strong></span> 
     </span>
     <span class='ocr_line' id='line_1_6' title="bbox 77 803 1453 904; baseline 0.008 -33"><span class='ocrx_word' id='word_1_56' title='bbox 77 803 84 820; x_wconf 75' lang='lat'><strong><em>⁹</em></strong></span> <span class='ocrx_word' id='word_1_57' title='bbox 151 827 219 872; x_wconf 92' lang='lat' dir='ltr'><strong>non</strong></span> <span class='ocrx_word' id='word_1_58' title='bbox 232 805 336 892; x_wconf 89' lang='lat' dir='ltr'><strong>possit</strong></span> <span class='ocrx_word' id='word_1_59' title='bbox 356 824 453 904; x_wconf 90' lang='lat' dir='ltr'><strong>caeco</strong></span> <span class='ocrx_word' id='word_1_60' title='bbox 469 824 547 869; x_wconf 90' lang='lat' dir='ltr'><strong>casu</strong></span> <span class='ocrx_word' id='word_1_61' title='bbox 563 810 633 869; x_wconf 89' lang='lat' dir='ltr'><strong>orta</strong></span> <span class='ocrx_word' id='word_1_62' title='bbox 654 825 736 891; x_wconf 87' lang='lat' dir='ltr'><strong>esse,</strong></span> <span class='ocrx_word' id='word_1_63' title='bbox 755 808 972 892; x_wconf 88' lang='lat' dir='ltr'><strong>conjecturam</strong></span> <span class='ocrx_word' id='word_1_64' title='bbox 996 827 1017 872; x_wconf 89' lang='lat' dir='ltr'><strong>a</strong></span> <span class='ocrx_word' id='word_1_65' title='bbox 1037 828 1088 874; x_wconf 90' lang='lat' dir='ltr'><strong>me</strong></span> <span class='ocrx_word' id='word_1_66' title='bbox 1103 817 1199 876; x_wconf 89' lang='lat' dir='ltr'><strong>antea</strong></span> <span class='ocrx_word' id='word_1_67' title='bbox 1211 811 1280 896; x_wconf 89' lang='lat' dir='ltr'><strong>jam</strong></span> <span class='ocrx_word' id='word_1_68' title='bbox 1296 815 1453 898; x_wconf 82' lang='lat' dir='ltr'><strong>prolatam</strong></span> 
     </span>
     <span class='ocr_line' id='line_1_7' title="bbox 151 905 1452 1000; baseline 0.007 -25"><span class='ocrx_word' id='word_1_69' title='bbox 151 906 340 975; x_wconf 85' lang='lat' dir='ltr'><strong>confirmare</strong></span> <span class='ocrx_word' id='word_1_70' title='bbox 369 905 512 989; x_wconf 88' lang='lat' dir='ltr'><strong>videtur;</strong></span> <span class='ocrx_word' id='word_1_71' title='bbox 551 925 635 988; x_wconf 91' lang='lat' dir='ltr'><strong>quae</strong></span> <span class='ocrx_word' id='word_1_72' title='bbox 668 908 748 974; x_wconf 89' lang='lat' dir='ltr'><strong>haec</strong></span> <span class='ocrx_word' id='word_1_73' title='bbox 778 915 843 976; x_wconf 91' lang='lat' dir='ltr'><strong>est:</strong></span> <span class='ocrx_word' id='word_1_74' title='bbox 892 908 1068 976; x_wconf 86' lang='lat' dir='ltr'><strong>Eudcciam</strong></span> <span class='ocrx_word' id='word_1_75' title='bbox 1098 911 1194 976; x_wconf 92' lang='lat' dir='ltr'><strong>etiam</strong></span> <span class='ocrx_word' id='word_1_76' title='bbox 1225 913 1267 978; x_wconf 94' lang='lat' dir='ltr'><strong>ad</strong></span> <span class='ocrx_word' id='word_1_77' title='bbox 1297 915 1452 1000; x_wconf 88' lang='lat' dir='ltr'><strong>mytholo-</strong></span> 
     </span>
     <span class='ocr_line' id='line_1_8' title="bbox 152 1006 1453 1106; baseline 0.008 -31"><span class='ocrx_word' id='word_1_78' title='bbox 152 1009 242 1106; x_wconf 82' lang='lat' dir='ltr'><strong>gicas</strong></span> <span class='ocrx_word' id='word_1_79' title='bbox 263 1009 463 1076; x_wconf 79' lang='lat' dir='ltr'><strong>narrationes</strong></span> <span class='ocrx_word' id='word_1_80' title='bbox 476 1006 673 1091; x_wconf 83' lang='lat' dir='ltr'><strong>colligendas</strong></span> <span class='ocrx_word' id='word_1_81' title='bbox 692 1009 773 1075; x_wconf 92' lang='lat' dir='ltr'><strong>libro</strong></span> <span class='ocrx_word' id='word_1_82' title='bbox 794 1011 901 1094; x_wconf 88' lang='lat' dir='ltr'><strong>aliquo</strong></span> <span class='ocrx_word' id='word_1_83' title='bbox 920 1031 979 1096; x_wconf 91' lang='lat' dir='ltr'><strong>per</strong></span> <span class='ocrx_word' id='word_1_84' title='bbox 992 1011 1118 1079; x_wconf 79' lang='lat' dir='ltr'><strong>litteras</strong></span> <span class='ocrx_word' id='word_1_85' title='bbox 1129 1014 1249 1098; x_wconf 87' lang='lat' dir='ltr'><strong>scripto</strong></span> <span class='ocrx_word' id='word_1_86' title='bbox 1261 1035 1354 1083; x_wconf 87' lang='lat' dir='ltr'><strong>usam</strong></span> <span class='ocrx_word' id='word_1_87' title='bbox 1365 1038 1453 1088; x_wconf 89' lang='lat' dir='ltr'><strong>esse:</strong></span> 
     </span>
     <span class='ocr_line' id='line_1_9' title="bbox 149 1109 1452 1196; baseline 0.009 -18"><span class='ocrx_word' id='word_1_88' title='bbox 149 1115 292 1178; x_wconf 73' lang='lat' dir='ltr'><strong>attamen</strong></span> <span class='ocrx_word' id='word_1_89' title='bbox 317 1130 382 1176; x_wconf 94' lang='lat' dir='ltr'><strong>non</strong></span> <span class='ocrx_word' id='word_1_90' title='bbox 407 1110 492 1176; x_wconf 90' lang='lat' dir='ltr'><strong>hunc</strong></span> <span class='ocrx_word' id='word_1_91' title='bbox 517 1111 620 1176; x_wconf 92' lang='lat' dir='ltr'><strong>solum</strong></span> <span class='ocrx_word' id='word_1_92' title='bbox 648 1109 876 1196; x_wconf 79' lang='lat' dir='ltr'>descripsisse,</span> <span class='ocrx_word' id='word_1_93' title='bbox 907 1133 1018 1180; x_wconf 83' lang='lat' dir='ltr'><strong>verum</strong></span> <span class='ocrx_word' id='word_1_94' title='bbox 1045 1134 1086 1180; x_wconf 88' lang='lat' dir='ltr'><strong>ex</strong></span> <span class='ocrx_word' id='word_1_95' title='bbox 1104 1113 1176 1180; x_wconf 89' lang='lat' dir='ltr'><strong>aliis</strong></span> <span class='ocrx_word' id='word_1_96' title='bbox 1196 1115 1293 1182; x_wconf 90' lang='lat' dir='ltr'><strong>etiam</strong></span> <span class='ocrx_word' id='word_1_97' title='bbox 1312 1118 1452 1189; x_wconf 88' lang='lat' dir='ltr'><strong>fontibus</strong></span> 
     </span>
     <span class='ocr_line' id='line_1_10' title="bbox 150 1210 1453 1309; baseline 0.009 -29"><span class='ocrx_word' id='word_1_98' title='bbox 150 1213 318 1280; x_wconf 84' lang='lat' dir='ltr'><strong>materiam</strong></span> <span class='ocrx_word' id='word_1_99' title='bbox 337 1232 429 1278; x_wconf 87' lang='lat' dir='ltr'><strong>snam</strong></span> <span class='ocrx_word' id='word_1_100' title='bbox 447 1210 596 1278; x_wconf 79' lang='lat' dir='ltr'><strong>hausisse</strong></span> <span class='ocrx_word' id='word_1_101' title='bbox 614 1212 711 1295; x_wconf 93' lang='lat' dir='ltr'><strong>idque</strong></span> <span class='ocrx_word' id='word_1_102' title='bbox 729 1215 869 1279; x_wconf 87' lang='lat' dir='ltr'><strong>maxime</strong></span> <span class='ocrx_word' id='word_1_103' title='bbox 889 1215 923 1280; x_wconf 92' lang='lat' dir='ltr'><strong>in</strong></span> <span class='ocrx_word' id='word_1_104' title='bbox 943 1215 1159 1302; x_wconf 89' lang='lat' dir='ltr'><strong>prioreparte</strong></span> <span class='ocrx_word' id='word_1_105' title='bbox 1180 1217 1308 1285; x_wconf 84' lang='lat' dir='ltr'><strong>violarii</strong></span> <span class='ocrx_word' id='word_1_106' title='bbox 1328 1241 1453 1309; x_wconf 83' lang='lat' dir='ltr'><strong>compo</strong></span> 
     </span>
     <span class='ocr_line' id='line_1_11' title="bbox 149 1314 1453 1411; baseline 0.01 -31"><span class='ocrx_word' id='word_1_107' title='bbox 149 1315 273 1382; x_wconf 90' lang='lat' dir='ltr'><strong>nenda:</strong></span> <span class='ocrx_word' id='word_1_108' title='bbox 311 1335 373 1399; x_wconf 93' lang='lat' dir='ltr'><strong>quo</strong></span> <span class='ocrx_word' id='word_1_109' title='bbox 394 1314 526 1401; x_wconf 93' lang='lat' dir='ltr'><strong>propius</strong></span> <span class='ocrx_word' id='word_1_110' title='bbox 554 1321 663 1379; x_wconf 90' lang='lat' dir='ltr'><strong>tamen</strong></span> <span class='ocrx_word' id='word_1_111' title='bbox 689 1315 722 1379; x_wconf 95' lang='lat' dir='ltr'><strong>in</strong></span> <span class='ocrx_word' id='word_1_112' title='bbox 748 1315 808 1381; x_wconf 93' lang='lat' dir='ltr'><strong>hoc</strong></span> <span class='ocrx_word' id='word_1_113' title='bbox 827 1315 907 1381; x_wconf 93' lang='lat' dir='ltr'><strong>libro</strong></span> <span class='ocrx_word' id='word_1_114' title='bbox 927 1317 1123 1383; x_wconf 87' lang='lat' dir='ltr'><strong>conficiendo</strong></span> <span class='ocrx_word' id='word_1_115' title='bbox 1144 1318 1187 1382; x_wconf 88' lang='lat' dir='ltr'><strong>ad</strong></span> <span class='ocrx_word' id='word_1_116' title='bbox 1207 1319 1303 1386; x_wconf 91' lang='lat' dir='ltr'><strong>finem</strong></span> <span class='ocrx_word' id='word_1_117' title='bbox 1321 1323 1363 1390; x_wconf 91' lang='lat' dir='ltr'><strong>sit</strong></span> <span class='ocrx_word' id='word_1_118' title='bbox 1379 1347 1453 1411; x_wconf 91' lang='lat' dir='ltr'><strong>pro-</strong></span> 
     </span>
     <span class='ocr_line' id='line_1_12' title="bbox 148 1415 1451 1508; baseline 0.006 -24"><span class='ocrx_word' id='word_1_119' title='bbox 148 1437 279 1503; x_wconf 86' lang='lat' dir='ltr'><strong>gressa,</strong></span> <span class='ocrx_word' id='word_1_120' title='bbox 310 1437 348 1482; x_wconf 90' lang='lat' dir='ltr'><strong>eo</strong></span> <span class='ocrx_word' id='word_1_121' title='bbox 372 1415 515 1502; x_wconf 90' lang='lat' dir='ltr'>pressius</span> <span class='ocrx_word' id='word_1_122' title='bbox 539 1415 645 1484; x_wconf 85' lang='lat' dir='ltr'><strong>studio</strong></span> <span class='ocrx_word' id='word_1_123' title='bbox 664 1416 779 1496; x_wconf 84' lang='lat' dir='ltr'><strong>lexici,</strong></span> <span class='ocrx_word' id='word_1_124' title='bbox 810 1424 965 1502; x_wconf 87' lang='lat' dir='ltr'><strong>quantum</strong></span> <span class='ocrx_word' id='word_1_125' title='bbox 990 1418 1060 1484; x_wconf 90' lang='lat' dir='ltr'><strong>fieri</strong></span> <span class='ocrx_word' id='word_1_126' title='bbox 1080 1425 1204 1505; x_wconf 88' lang='lat' dir='ltr'><strong>posset,</strong></span> <span class='ocrx_word' id='word_1_127' title='bbox 1234 1423 1451 1508; x_wconf 90' lang='lat' dir='ltr'><strong>amplificandi</strong></span> 
     </span>
     <span class='ocr_line' id='line_1_13' title="bbox 146 1517 1448 1606; baseline 0.005 -21"><span class='ocrx_word' id='word_1_128' title='bbox 146 1519 250 1604; x_wconf 85' lang='lat' dir='ltr'><strong>magis</strong></span> <span class='ocrx_word' id='word_1_129' title='bbox 265 1519 432 1604; x_wconf 81' lang='lat' dir='ltr'><strong>magisque</strong></span> <span class='ocrx_word' id='word_1_130' title='bbox 447 1517 594 1606; x_wconf 91' lang='lat' dir='ltr'><strong>deposito</strong></span> <span class='ocrx_word' id='word_1_131' title='bbox 605 1518 720 1584; x_wconf 92' lang='lat' dir='ltr'><strong>librum</strong></span> <span class='ocrx_word' id='word_1_132' title='bbox 730 1517 907 1584; x_wconf 88' lang='lat' dir='ltr'><strong>litterarum</strong></span> <span class='ocrx_word' id='word_1_133' title='bbox 920 1518 1031 1586; x_wconf 88' lang='lat' dir='ltr'><strong>ordine</strong></span> <span class='ocrx_word' id='word_1_134' title='bbox 1042 1522 1197 1606; x_wconf 91' lang='lat' dir='ltr'><strong>scriptum</strong></span> <span class='ocrx_word' id='word_1_135' title='bbox 1211 1542 1283 1590; x_wconf 91' lang='lat' dir='ltr'><strong>esse</strong></span> <span class='ocrx_word' id='word_1_136' title='bbox 1300 1534 1448 1594; x_wconf 87' lang='lat' dir='ltr'><strong>secutam.</strong></span> 
     </span>
     <span class='ocr_line' id='line_1_14' title="bbox 131 1619 1452 1713; baseline 0.006 -25"><span class='ocrx_word' id='word_1_137' title='bbox 131 1621 227 1701; x_wconf 81' lang='lat' dir='ltr'><strong>‘Quis</strong></span> <span class='ocrx_word' id='word_1_138' title='bbox 247 1622 301 1688; x_wconf 90' lang='lat' dir='ltr'><strong>ille</strong></span> <span class='ocrx_word' id='word_1_139' title='bbox 320 1621 415 1688; x_wconf 86' lang='lat' dir='ltr'><strong>fuerit</strong></span> <span class='ocrx_word' id='word_1_140' title='bbox 432 1621 523 1704; x_wconf 87' lang='lat' dir='ltr'><strong>liber,</strong></span> <span class='ocrx_word' id='word_1_141' title='bbox 544 1619 684 1685; x_wconf 91' lang='lat' dir='ltr'><strong>nondum</strong></span> <span class='ocrx_word' id='word_1_142' title='bbox 703 1628 900 1703; x_wconf 91' lang='lat' dir='ltr'><strong>compertum</strong></span> <span class='ocrx_word' id='word_1_143' title='bbox 915 1619 1029 1707; x_wconf 86' lang='lat' dir='ltr'><strong>habeo,</strong></span> <span class='ocrx_word' id='word_1_144' title='bbox 1051 1642 1155 1707; x_wconf 92' lang='lat' dir='ltr'><strong>neque</strong></span> <span class='ocrx_word' id='word_1_145' title='bbox 1177 1623 1237 1690; x_wconf 92' lang='lat' dir='ltr'><strong>hcc</strong></span> <span class='ocrx_word' id='word_1_146' title='bbox 1255 1626 1452 1713; x_wconf 80' lang='lat' dir='ltr'><strong>investigare</strong></span> 
     </span>
    </p>
   </div>
   <div class='ocr_carea' id='block_1_4' title="bbox 146 1720 1534 1810">
    <p class='ocr_par' dir='ltr' id='par_1_4' title="bbox 146 1720 1534 1810">
     <span class='ocr_line' id='line_1_15' title="bbox 146 1720 1534 1810; baseline 0.005 -20"><span class='ocrx_word' id='word_1_147' title='bbox 146 1744 253 1790; x_wconf 90' lang='lat' dir='ltr'><strong>meum</strong></span> <span class='ocrx_word' id='word_1_148' title='bbox 271 1731 331 1802; x_wconf 91' lang='lat' dir='ltr'><strong>est,</strong></span> <span class='ocrx_word' id='word_1_149' title='bbox 349 1725 405 1808; x_wconf 93' lang='lat' dir='ltr'><strong>qui</strong></span> <span class='ocrx_word' id='word_1_150' title='bbox 422 1723 484 1790; x_wconf 90' lang='lat' dir='ltr'><strong>hac</strong></span> <span class='ocrx_word' id='word_1_151' title='bbox 504 1721 539 1787; x_wconf 94' lang='lat' dir='ltr'><strong>in</strong></span> <span class='ocrx_word' id='word_1_152' title='bbox 558 1720 822 1788; x_wconf 81' lang='lat' dir='ltr'><strong>commentatione</strong></span> <span class='ocrx_word' id='word_1_153' title='bbox 843 1722 946 1788; x_wconf 92' lang='lat' dir='ltr'><strong>solum</strong></span> <span class='ocrx_word' id='word_1_154' title='bbox 967 1723 1007 1789; x_wconf 92' lang='lat' dir='ltr'><strong>de</strong></span> <span class='ocrx_word' id='word_1_155' title='bbox 1026 1725 1216 1810; x_wconf 89' lang='lat' dir='ltr'><strong>scriptorum</strong></span> <span class='ocrx_word' id='word_1_156' title='bbox 1232 1727 1372 1795; x_wconf 85' lang='lat' dir='ltr'><strong>vitarum</strong></span> <span class='ocrx_word' id='word_1_157' title='bbox 1386 1731 1449 1797; x_wconf 81' lang='lat' dir='ltr'><strong>ion·</strong></span> <span class='ocrx_word' id='word_1_158' title='bbox 1533 1765 1534 1768; x_wconf 35' lang='lat'>¹</span> 
     </span>
    </p>
   </div>
   <div class='ocr_carea' id='block_1_5' title="bbox 145 1821 1449 2014">
    <p class='ocr_par' dir='ltr' id='par_1_5' title="bbox 145 1821 1449 2014">
     <span class='ocr_line' id='line_1_16' title="bbox 145 1821 1449 1918; baseline 0.005 -25"><span class='ocrx_word' id='word_1_159' title='bbox 145 1827 231 1894; x_wconf 92' lang='lat' dir='ltr'><strong>tibus</strong></span> <span class='ocrx_word' id='word_1_160' title='bbox 261 1825 442 1892; x_wconf 79' lang='lat' dir='ltr'><strong>accuratius</strong></span> <span class='ocrx_word' id='word_1_161' title='bbox 473 1845 543 1890; x_wconf 90' lang='lat' dir='ltr'><strong>sum</strong></span> <span class='ocrx_word' id='word_1_162' title='bbox 574 1821 803 1908; x_wconf 90' lang='lat' dir='ltr'><strong>disputaturus.</strong></span> <span class='ocrx_word' id='word_1_163' title='bbox 849 1823 920 1896; x_wconf 86' lang='lat' dir='ltr'><strong>Hoc</strong></span> <span class='ocrx_word' id='word_1_164' title='bbox 957 1833 1065 1892; x_wconf 89' lang='lat' dir='ltr'><strong>autem</strong></span> <span class='ocrx_word' id='word_1_165' title='bbox 1093 1847 1144 1892; x_wconf 91' lang='lat' dir='ltr'><strong>me</strong></span> <span class='ocrx_word' id='word_1_166' title='bbox 1174 1849 1237 1893; x_wconf 94' lang='lat' dir='ltr'><strong>non</strong></span> <span class='ocrx_word' id='word_1_167' title='bbox 1273 1831 1449 1918; x_wconf 88' lang='lat' dir='ltr'><strong>prohibeat,</strong></span> 
     </span>
     <span class='ocr_line' id='line_1_17' title="bbox 145 1911 1449 2014; baseline 0.005 -21"><span class='ocrx_word' id='word_1_168' title='bbox 145 1929 313 2014; x_wconf 89' lang='lat' dir='ltr'><strong>quominus</strong></span> <span class='ocrx_word' id='word_1_169' title='bbox 342 1947 525 1992; x_wconf 89' lang='lat' dir='ltr'><strong>enumerem</strong></span> <span class='ocrx_word' id='word_1_170' title='bbox 553 1911 727 2010; x_wconf 76' lang='lat' dir='ltr'><strong>sc‘riptores</strong></span> <span class='ocrx_word' id='word_1_171' title='bbox 763 1944 936 2008; x_wconf 90' lang='lat' dir='ltr'><strong>eorumque</strong></span> <span class='ocrx_word' id='word_1_172' title='bbox 968 1927 1102 2013; x_wconf 86' lang='lat' dir='ltr'><strong>scripta,</strong></span> <span class='ocrx_word' id='word_1_173' title='bbox 1138 1929 1199 1995; x_wconf 87' lang='lat' dir='ltr'><strong>ubi</strong></span> <span class='ocrx_word' id='word_1_174' title='bbox 1227 1929 1291 1998; x_wconf 91' lang='lat' dir='ltr'><strong>loci</strong></span> <span class='ocrx_word' id='word_1_175' title='bbox 1325 1934 1449 2001; x_wconf 85' lang='lat' dir='ltr'><strong>violarii</strong></span> 
     </span>
    </p>
   </div>
   <div class='ocr_carea' id='block_1_6' title="bbox 145 2026 1535 2122">
    <p class='ocr_par' dir='ltr' id='par_1_6' title="bbox 145 2026 1535 2122">
     <span class='ocr_line' id='line_1_18' title="bbox 145 2026 1535 2122; baseline 0.004 -25"><span class='ocrx_word' id='word_1_176' title='bbox 145 2029 341 2106; x_wconf 84' lang='lat' dir='ltr'><strong>Eudociani,</strong></span> <span class='ocrx_word' id='word_1_177' title='bbox 377 2028 432 2113; x_wconf 93' lang='lat' dir='ltr'><strong>qui</strong></span> <span class='ocrx_word' id='word_1_178' title='bbox 454 2027 497 2093; x_wconf 90' lang='lat' dir='ltr'><strong>ad</strong></span> <span class='ocrx_word' id='word_1_179' title='bbox 515 2026 747 2112; x_wconf 80' lang='lat' dir='ltr'><strong>mythologiam</strong></span> <span class='ocrx_word' id='word_1_180' title='bbox 766 2027 944 2112; x_wconf 88' lang='lat' dir='ltr'><strong>pertinent,</strong></span> <span class='ocrx_word' id='word_1_181' title='bbox 975 2028 1188 2114; x_wconf 86' lang='lat' dir='ltr'><strong>reperiantur:</strong></span> <span class='ocrx_word' id='word_1_182' title='bbox 1228 2037 1448 2122; x_wconf 88' lang='lat' dir='ltr'><strong>quaescripta,</strong></span> <span class='ocrx_word' id='word_1_183' title='bbox 1534 2049 1535 2056; x_wconf 77' lang='grc'>’</span> 
     </span>
    </p>
   </div>
   <div class='ocr_carea' id='block_1_7' title="bbox 143 2128 1452 2420">
    <p class='ocr_par' dir='ltr' id='par_1_7' title="bbox 143 2128 1452 2420">
     <span class='ocr_line' id='line_1_19' title="bbox 144 2128 1449 2215; baseline 0.001 -15"><span class='ocrx_word' id='word_1_184' title='bbox 144 2153 217 2200; x_wconf 90' lang='lat' dir='ltr'><strong>cum</strong></span> <span class='ocrx_word' id='word_1_185' title='bbox 234 2150 463 2215; x_wconf 92' lang='lat' dir='ltr'><strong>nonnunquam</strong></span> <span class='ocrx_word' id='word_1_186' title='bbox 481 2129 576 2196; x_wconf 83' lang='lat' dir='ltr'><strong>valde</strong></span> <span class='ocrx_word' id='word_1_187' title='bbox 593 2128 732 2194; x_wconf 89' lang='lat' dir='ltr'><strong>dubitari</strong></span> <span class='ocrx_word' id='word_1_188' title='bbox 752 2129 870 2212; x_wconf 88' lang='lat' dir='ltr'><strong>possit,</strong></span> <span class='ocrx_word' id='word_1_189' title='bbox 895 2149 971 2194; x_wconf 90' lang='lat' dir='ltr'><strong>num</strong></span> <span class='ocrx_word' id='word_1_190' title='bbox 989 2149 1023 2194; x_wconf 93' lang='lat' dir='ltr'><strong>re</strong></span> <span class='ocrx_word' id='word_1_191' title='bbox 1044 2151 1122 2198; x_wconf 86' lang='lat' dir='ltr'><strong>vera</strong></span> <span class='ocrx_word' id='word_1_192' title='bbox 1141 2132 1182 2198; x_wconf 93' lang='lat' dir='ltr'><strong>ab</strong></span> <span class='ocrx_word' id='word_1_193' title='bbox 1197 2131 1342 2202; x_wconf 84' lang='lat' dir='ltr'><strong>Eudocia</strong></span> <span class='ocrx_word' id='word_1_194' title='bbox 1361 2157 1449 2203; x_wconf 91' lang='lat' dir='ltr'><strong>usur-</strong></span> 
     </span>
     <span class='ocr_line' id='line_1_20' title="bbox 143 2229 1452 2326; baseline 0.002 -26"><span class='ocrx_word' id='word_1_195' title='bbox 143 2243 224 2322; x_wconf 88' lang='lat' dir='ltr'><strong>pata</strong></span> <span class='ocrx_word' id='word_1_196' title='bbox 245 2234 310 2301; x_wconf 90' lang='lat' dir='ltr'><strong>sint</strong></span> <span class='ocrx_word' id='word_1_197' title='bbox 327 2253 392 2299; x_wconf 93' lang='lat' dir='ltr'><strong>non</strong></span> <span class='ocrx_word' id='word_1_198' title='bbox 411 2231 516 2298; x_wconf 86' lang='lat' dir='ltr'><strong>fontes</strong></span> <span class='ocrx_word' id='word_1_199' title='bbox 536 2231 607 2316; x_wconf 90' lang='lat' dir='ltr'><strong>ejus</strong></span> <span class='ocrx_word' id='word_1_200' title='bbox 625 2229 763 2297; x_wconf 89' lang='lat' dir='ltr'><strong>nomino.</strong></span> <span class='ocrx_word' id='word_1_201' title='bbox 797 2229 867 2295; x_wconf 90' lang='lat' dir='ltr'><strong>Hac</strong></span> <span class='ocrx_word' id='word_1_202' title='bbox 886 2230 921 2294; x_wconf 94' lang='lat' dir='ltr'><strong>in</strong></span> <span class='ocrx_word' id='word_1_203' title='bbox 940 2250 975 2297; x_wconf 94' lang='lat' dir='ltr'><strong>re</strong></span> <span class='ocrx_word' id='word_1_204' title='bbox 986 2232 1227 2326; x_wconf 83' lang='lat' dir='ltr'><strong>Wyttenhachii</strong></span> <span class='ocrx_word' id='word_1_205' title='bbox 1245 2241 1278 2301; x_wconf 91' lang='lat' dir='ltr'><strong>et</strong></span> <span class='ocrx_word' id='word_1_206' title='bbox 1295 2237 1452 2305; x_wconf 89' lang='lat' dir='ltr'><strong>Meinekii</strong></span> 
     </span>
     <span class='ocr_line' id='line_1_21' title="bbox 143 2331 1452 2420; baseline 0.002 -18"><span class='ocrx_word' id='word_1_207' title='bbox 143 2334 443 2419; x_wconf 88' lang='lat' dir='ltr'><strong>commentationes,</strong></span> <span class='ocrx_word' id='word_1_208' title='bbox 477 2353 558 2416; x_wconf 90' lang='lat' dir='ltr'><strong>quas</strong></span> <span class='ocrx_word' id='word_1_209' title='bbox 583 2338 681 2398; x_wconf 89' lang='lat' dir='ltr'><strong>antea</strong></span> <span class='ocrx_word' id='word_1_210' title='bbox 702 2331 772 2416; x_wconf 88' lang='lat' dir='ltr'><strong>jam</strong></span> <span class='ocrx_word' id='word_1_211' title='bbox 798 2333 1042 2400; x_wconf 82' lang='lat' dir='ltr'><strong>commemoravi</strong></span> <span class='ocrx_word' id='word_1_212' title='bbox 1069 2338 1111 2420; x_wconf 87' lang='lat' dir='ltr'><strong>(p.</strong></span> <span class='ocrx_word' id='word_1_213' title='bbox 1131 2335 1188 2420; x_wconf 79' lang='lat'><strong>25)</strong></span> <span class='ocrx_word' id='word_1_214' title='bbox 1214 2343 1340 2403; x_wconf 89' lang='lat' dir='ltr'><strong>secutus</strong></span> <span class='ocrx_word' id='word_1_215' title='bbox 1365 2359 1452 2406; x_wconf 92' lang='lat' dir='ltr'><strong>sum.</strong></span> 
     </span>
    </p>
   </div>
   <div class='ocr_carea' id='block_1_8' title="bbox 34 2434 1449 2521">
    <p class='ocr_par' dir='ltr' id='par_1_8' title="bbox 34 2434 1449 2521">
     <span class='ocr_line' id='line_1_22' title="bbox 34 2434 1449 2521; baseline 0.001 -17"><span class='ocrx_word' id='word_1_216' title='bbox 34 2497 37 2504; x_wconf 91' lang='lat'><strong>.</strong></span> <span class='ocrx_word' id='word_1_217' title='bbox 143 2438 226 2506; x_wconf 83' lang='lat' dir='ltr'><strong>Sunt</strong></span> <span class='ocrx_word' id='word_1_218' title='bbox 245 2445 352 2505; x_wconf 91' lang='lat' dir='ltr'><strong>autem</strong></span> <span class='ocrx_word' id='word_1_219' title='bbox 369 2434 526 2521; x_wconf 87' lang='lat' dir='ltr'><strong>imprimis</strong></span> <span class='ocrx_word' id='word_1_220' title='bbox 548 2435 775 2501; x_wconf 87' lang='lat' dir='ltr'><strong>commentaria</strong></span> <span class='ocrx_word' id='word_1_221' title='bbox 793 2454 814 2498; x_wconf 89' lang='lat' dir='ltr'><strong>a</strong></span> <span class='ocrx_word' id='word_1_222' title='bbox 840 2439 985 2499; x_wconf 83' lang='lat' dir='ltr'><strong>ueterum</strong></span> <span class='ocrx_word' id='word_1_223' title='bbox 1011 2434 1201 2520; x_wconf 91' lang='lat' dir='ltr'><strong>scriptorum</strong></span> <span class='ocrx_word' id='word_1_224' title='bbox 1221 2438 1449 2521; x_wconf 88' lang='lat' dir='ltr'><strong>interpretibus</strong></span> 
     </span>
    </p>
   </div>
   <div class='ocr_carea' id='block_1_9' title="bbox 143 2535 1452 2627">
    <p class='ocr_par' dir='ltr' id='par_1_9' title="bbox 143 2535 1452 2627">
     <span class='ocr_line' id='line_1_23' title="bbox 143 2535 1452 2627; baseline 0.002 -21"><span class='ocrx_word' id='word_1_225' title='bbox 143 2540 339 2627; x_wconf 89' lang='lat' dir='ltr'><strong>composita,</strong></span> <span class='ocrx_word' id='word_1_226' title='bbox 366 2538 504 2623; x_wconf 84' lang='lat' dir='ltr'><strong>scripta,</strong></span> <span class='ocrx_word' id='word_1_227' title='bbox 535 2537 650 2622; x_wconf 91' lang='lat' dir='ltr'><strong>quibus</strong></span> <span class='ocrx_word' id='word_1_228' title='bbox 672 2536 712 2602; x_wconf 92' lang='lat' dir='ltr'><strong>de</strong></span> <span class='ocrx_word' id='word_1_229' title='bbox 731 2537 826 2602; x_wconf 90' lang='lat' dir='ltr'><strong>rebus</strong></span> <span class='ocrx_word' id='word_1_230' title='bbox 845 2535 1070 2622; x_wconf 80' lang='lat' dir='ltr'><strong>mythologicis</strong></span> <span class='ocrx_word' id='word_1_231' title='bbox 1090 2539 1212 2624; x_wconf 84' lang='lat' dir='ltr'><strong>agitur,</strong></span> <span class='ocrx_word' id='word_1_232' title='bbox 1244 2538 1452 2608; x_wconf 81' lang='lat' dir='ltr'><strong>collectiones</strong></span> 
     </span>
    </p>
   </div>
   <div class='ocr_carea' id='block_1_10' title="bbox 141 2636 1537 2728">
    <p class='ocr_par' dir='ltr' id='par_1_10' title="bbox 141 2636 1537 2728">
     <span class='ocr_line' id='line_1_24' title="bbox 141 2636 1537 2728; baseline 0.002 -21"><span class='ocrx_word' id='word_1_233' title='bbox 141 2640 399 2728; x_wconf 85' lang='lat' dir='ltr'><strong>proverbiorum,</strong></span> <span class='ocrx_word' id='word_1_234' title='bbox 420 2640 541 2724; x_wconf 86' lang='lat' dir='ltr'><strong>lexica,</strong></span> <span class='ocrx_word' id='word_1_235' title='bbox 578 2637 633 2704; x_wconf 92' lang='lat' dir='ltr'><strong>ubi</strong></span> <span class='ocrx_word' id='word_1_236' title='bbox 651 2636 796 2720; x_wconf 84' lang='lat' dir='ltr'><strong>singulos</strong></span> <span class='ocrx_word' id='word_1_237' title='bbox 814 2657 940 2722; x_wconf 88' lang='lat' dir='ltr'><strong>pannos</strong></span> <span class='ocrx_word' id='word_1_238' title='bbox 947 2690 955 2724; x_wconf 89' lang='lat'><em>‚</em></span> <span class='ocrx_word' id='word_1_239' title='bbox 982 2639 1097 2723; x_wconf 91' lang='lat' dir='ltr'><strong>quibus</strong></span> <span class='ocrx_word' id='word_1_240' title='bbox 1116 2639 1260 2708; x_wconf 84' lang='lat' dir='ltr'><strong>Eudocia</strong></span> <span class='ocrx_word' id='word_1_241' title='bbox 1279 2639 1447 2710; x_wconf 84' lang='lat' dir='ltr'><strong>violarium</strong></span> <span class='ocrx_word' id='word_1_242' title='bbox 1536 2683 1537 2700; x_wconf 66' lang='lat'><strong>.</strong></span> 
     </span>
    </p>
   </div>
   <div class='ocr_carea' id='block_1_11' title="bbox 135 2743 1449 4358">
    <p class='ocr_par' dir='ltr' id='par_1_11' title="bbox 141 2743 483 2828">
     <span class='ocr_line' id='line_1_25' title="bbox 141 2743 483 2828; baseline -0.009 -16"><span class='ocrx_word' id='word_1_243' title='bbox 141 2743 278 2828; x_wconf 83' lang='lat' dir='ltr'><strong>ornarit,</strong></span> <span class='ocrx_word' id='word_1_244' title='bbox 295 2743 483 2828; x_wconf 91' lang='lat' dir='ltr'><strong>reperimus.</strong></span> 
     </span>
    </p>

    <p class='ocr_par' dir='ltr' id='par_1_12' title="bbox 135 2843 1449 4358">
     <span class='ocr_line' id='line_1_26' title="bbox 215 2843 1448 2924; baseline 0 -12"><span class='ocrx_word' id='word_1_245' title='bbox 215 2853 243 2912; x_wconf 87' lang='lat' dir='ltr'><strong>l.</strong></span> <span class='ocrx_word' id='word_1_246' title='bbox 261 2844 356 2924; x_wconf 81' lang='lat' dir='ltr'><strong>Quod</strong></span> <span class='ocrx_word' id='word_1_247' title='bbox 373 2845 489 2912; x_wconf 91' lang='lat' dir='ltr'><strong>attinet</strong></span> <span class='ocrx_word' id='word_1_248' title='bbox 509 2848 550 2910; x_wconf 85' lang='lat' dir='ltr'><strong>cd</strong></span> <span class='ocrx_word' id='word_1_249' title='bbox 568 2845 812 2910; x_wconf 84' lang='lat' dir='ltr'><strong>scholicsturum</strong></span> <span class='ocrx_word' id='word_1_250' title='bbox 831 2847 1072 2922; x_wconf 78' lang='lat' dir='ltr'><strong>commentario,</strong></span> <span class='ocrx_word' id='word_1_251' title='bbox 1091 2843 1149 2910; x_wconf 87' lang='lat' dir='ltr'><strong>illa</strong></span> <span class='ocrx_word' id='word_1_252' title='bbox 1169 2862 1229 2909; x_wconf 92' lang='lat' dir='ltr'><strong>usa</strong></span> <span class='ocrx_word' id='word_1_253' title='bbox 1249 2848 1299 2910; x_wconf 88' lang='lat' dir='ltr'><strong>est</strong></span> <span class='ocrx_word' id='word_1_254' title='bbox 1317 2843 1448 2912; x_wconf 91' lang='lat' dir='ltr'><strong>scholiis</strong></span> 
     </span>
     <span class='ocr_line' id='line_1_27' title="bbox 144 2941 1449 3032; baseline -0.001 -19"><span class='ocrx_word' id='word_1_255' title='bbox 144 2947 187 3013; x_wconf 85' lang='lat' dir='ltr'><strong>ad</strong></span> <span class='ocrx_word' id='word_1_256' title='bbox 208 2949 370 3030; x_wconf 81' lang='lat' dir='ltr'><strong>Apollorrii</strong></span> <span class='ocrx_word' id='word_1_257' title='bbox 387 2948 506 3013; x_wconf 86' lang='lat' dir='ltr'><strong>Rhodii</strong></span> <span class='ocrx_word' id='word_1_258' title='bbox 525 2947 753 3027; x_wconf 78' lang='lat' dir='ltr'><strong>Arqorrcutiro,</strong></span> <span class='ocrx_word' id='word_1_259' title='bbox 773 2941 816 3009; x_wconf 89' lang='lat' dir='ltr'><strong>ad</strong></span> <span class='ocrx_word' id='word_1_260' title='bbox 837 2943 969 3009; x_wconf 84' lang='lat' dir='ltr'><strong>Homeri</strong></span> <span class='ocrx_word' id='word_1_261' title='bbox 990 2945 1142 3032; x_wconf 86' lang='lat' dir='ltr'><strong>carmina,</strong></span> <span class='ocrx_word' id='word_1_262' title='bbox 1161 2944 1205 3011; x_wconf 89' lang='lat' dir='ltr'><strong>ad</strong></span> <span class='ocrx_word' id='word_1_263' title='bbox 1224 2944 1345 3030; x_wconf 89' lang='lat' dir='ltr'><strong>scripta</strong></span> <span class='ocrx_word' id='word_1_264' title='bbox 1359 2947 1449 3012; x_wconf 84' lang='lat' dir='ltr'><strong>Hesi·</strong></span> 
     </span>
     <span class='ocr_line' id='line_1_28' title="bbox 141 3047 1449 3132; baseline -0.002 -16"><span class='ocrx_word' id='word_1_265' title='bbox 141 3052 202 3130; x_wconf 86' lang='lat' dir='ltr'><strong>odi,</strong></span> <span class='ocrx_word' id='word_1_266' title='bbox 220 3050 366 3126; x_wconf 79' lang='lat' dir='ltr'><strong>Pindari,</strong></span> <span class='ocrx_word' id='word_1_267' title='bbox 387 3051 539 3126; x_wconf 77' lang='lat' dir='ltr'><strong>Platonis,</strong></span> <span class='ocrx_word' id='word_1_268' title='bbox 562 3047 733 3120; x_wconf 79' lang='lat' dir='ltr'><strong>Theocriti,</strong></span> <span class='ocrx_word' id='word_1_269' title='bbox 754 3047 986 3126; x_wconf 77' lang='lat' dir='ltr'><strong>Aristophanis,</strong></span> <span class='ocrx_word' id='word_1_270' title='bbox 1006 3050 1099 3112; x_wconf 83' lang='lat' dir='ltr'><strong>Arati</strong></span> <span class='ocrx_word' id='word_1_271' title='bbox 1118 3047 1326 3132; x_wconf 88' lang='lat' dir='ltr'><strong>aliorumque.</strong></span> <span class='ocrx_word' id='word_1_272' title='bbox 1354 3047 1449 3114; x_wconf 90' lang='lat' dir='ltr'><strong>Multi</strong></span> 
     </span>
     <span class='ocr_line' id='line_1_29' title="bbox 141 3147 1446 3238; baseline -0.001 -21"><span class='ocrx_word' id='word_1_273' title='bbox 141 3151 221 3238; x_wconf 86' lang='lat' dir='ltr'><strong>loci,</strong></span> <span class='ocrx_word' id='word_1_274' title='bbox 252 3152 308 3237; x_wconf 91' lang='lat' dir='ltr'><strong>qui</strong></span> <span class='ocrx_word' id='word_1_275' title='bbox 333 3151 366 3216; x_wconf 93' lang='lat' dir='ltr'><strong>in</strong></span> <span class='ocrx_word' id='word_1_276' title='bbox 390 3151 508 3217; x_wconf 88' lang='lat' dir='ltr'><strong>violeto</strong></span> <span class='ocrx_word' id='word_1_277' title='bbox 538 3149 729 3233; x_wconf 84' lang='lat' dir='ltr'><strong>afferuntur,</strong></span> <span class='ocrx_word' id='word_1_278' title='bbox 761 3151 890 3212; x_wconf 85' lang='lat' dir='ltr'><strong>exstant</strong></span> <span class='ocrx_word' id='word_1_279' title='bbox 908 3147 942 3212; x_wconf 94' lang='lat' dir='ltr'><strong>in</strong></span> <span class='ocrx_word' id='word_1_280' title='bbox 963 3148 1197 3215; x_wconf 91' lang='lat' dir='ltr'><strong>commentariis</strong></span> <span class='ocrx_word' id='word_1_281' title='bbox 1219 3149 1260 3215; x_wconf 90' lang='lat' dir='ltr'><strong>ab</strong></span> <span class='ocrx_word' id='word_1_282' title='bbox 1280 3151 1446 3216; x_wconf 80' lang='lat' dir='ltr'><strong>Eustuthr‘o</strong></span> 
     </span>
     <span class='ocr_line' id='line_1_30' title="bbox 140 3247 1446 3336; baseline -0.003 -17"><span class='ocrx_word' id='word_1_283' title='bbox 140 3256 183 3320; x_wconf 87' lang='lat' dir='ltr'><strong>ud</strong></span> <span class='ocrx_word' id='word_1_284' title='bbox 201 3256 333 3320; x_wconf 79' lang='lat' dir='ltr'><strong>Iliadem</strong></span> <span class='ocrx_word' id='word_1_285' title='bbox 352 3264 379 3318; x_wconf 89' lang='lat' dir='ltr'><strong>et</strong></span> <span class='ocrx_word' id='word_1_286' title='bbox 401 3252 583 3335; x_wconf 71' lang='lat' dir='ltr'><strong>Odyssean,</strong></span> <span class='ocrx_word' id='word_1_287' title='bbox 605 3248 648 3314; x_wconf 90' lang='lat' dir='ltr'><strong>ad</strong></span> <span class='ocrx_word' id='word_1_288' title='bbox 664 3251 813 3331; x_wconf 72' lang='lat' dir='ltr'><strong>Dionysii</strong></span> <span class='ocrx_word' id='word_1_289' title='bbox 826 3247 1002 3330; x_wconf 83' lang='lat' dir='ltr'><strong>Perirqctoc</strong></span> <span class='ocrx_word' id='word_1_290' title='bbox 1020 3250 1267 3336; x_wconf 90' lang='lat' dir='ltr'><strong>descriptionem</strong></span> <span class='ocrx_word' id='word_1_291' title='bbox 1284 3251 1369 3318; x_wconf 91' lang='lat' dir='ltr'><strong>orbis</strong></span> <span class='ocrx_word' id='word_1_292' title='bbox 1382 3253 1446 3315; x_wconf 86' lang='lat' dir='ltr'><strong>ter-</strong></span> 
     </span>
     <span class='ocr_line' id='line_1_31' title="bbox 142 3349 1445 3439; baseline -0.003 -17"><span class='ocrx_word' id='word_1_293' title='bbox 142 3375 250 3424; x_wconf 87' lang='lat' dir='ltr'><strong>rarum</strong></span> <span class='ocrx_word' id='word_1_294' title='bbox 268 3354 458 3439; x_wconf 90' lang='lat' dir='ltr'><strong>conscriptis</strong></span> <span class='ocrx_word' id='word_1_295' title='bbox 479 3360 511 3420; x_wconf 92' lang='lat' dir='ltr'><strong>ct</strong></span> <span class='ocrx_word' id='word_1_296' title='bbox 529 3353 564 3418; x_wconf 94' lang='lat' dir='ltr'><strong>in</strong></span> <span class='ocrx_word' id='word_1_297' title='bbox 586 3351 770 3417; x_wconf 81' lang='lat' dir='ltr'><strong>Taetzcrurn</strong></span> <span class='ocrx_word' id='word_1_298' title='bbox 790 3349 879 3417; x_wconf 90' lang='lat' dir='ltr'><strong>libris</strong></span> <span class='ocrx_word' id='word_1_299' title='bbox 898 3351 940 3416; x_wconf 88' lang='lat' dir='ltr'><strong>ad</strong></span> <span class='ocrx_word' id='word_1_300' title='bbox 957 3352 1088 3420; x_wconf 82' lang='lat' dir='ltr'><strong>Hesiodi</strong></span> <span class='ocrx_word' id='word_1_301' title='bbox 1107 3353 1249 3420; x_wconf 88' lang='lat' dir='ltr'><strong>carmina</strong></span> <span class='ocrx_word' id='word_1_302' title='bbox 1268 3357 1301 3418; x_wconf 91' lang='lat' dir='ltr'><strong>et</strong></span> <span class='ocrx_word' id='word_1_303' title='bbox 1321 3352 1365 3418; x_wconf 90' lang='lat' dir='ltr'><strong>ad</strong></span> <span class='ocrx_word' id='word_1_304' title='bbox 1382 3351 1445 3434; x_wconf 76' lang='lat' dir='ltr'><strong>lp-</strong></span> 
     </span>
     <span class='ocr_line' id='line_1_32' title="bbox 140 3451 1448 3540; baseline -0.003 -17"><span class='ocrx_word' id='word_1_305' title='bbox 140 3460 310 3540; x_wconf 83' lang='lat' dir='ltr'><strong>cophrcrris</strong></span> <span class='ocrx_word' id='word_1_306' title='bbox 338 3457 556 3523; x_wconf 80' lang='lat' dir='ltr'><strong>Ateaosdram</strong></span> <span class='ocrx_word' id='word_1_307' title='bbox 585 3452 721 3538; x_wconf 89' lang='lat' dir='ltr'><strong>scriptis.</strong></span> <span class='ocrx_word' id='word_1_308' title='bbox 759 3451 840 3518; x_wconf 83' lang='lat' dir='ltr'><strong>Oum</strong></span> <span class='ocrx_word' id='word_1_309' title='bbox 865 3459 974 3518; x_wconf 89' lang='lat' dir='ltr'><strong>tamen</strong></span> <span class='ocrx_word' id='word_1_310' title='bbox 1000 3453 1122 3520; x_wconf 91' lang='lat' dir='ltr'><strong>hiduo</strong></span> <span class='ocrx_word' id='word_1_311' title='bbox 1148 3455 1322 3540; x_wconf 89' lang='lat' dir='ltr'><strong>scriptores</strong></span> <span class='ocrx_word' id='word_1_312' title='bbox 1347 3473 1448 3520; x_wconf 89' lang='lat' dir='ltr'><strong>unum</strong></span> 
     </span>
     <span class='ocr_line' id='line_1_33' title="bbox 137 3551 1446 3644; baseline -0.005 -17"><span class='ocrx_word' id='word_1_313' title='bbox 137 3568 205 3636; x_wconf 80' lang='lat' dir='ltr'><strong>sere</strong></span> <span class='ocrx_word' id='word_1_314' title='bbox 225 3559 389 3627; x_wconf 89' lang='lat' dir='ltr'><strong>saeculum</strong></span> <span class='ocrx_word' id='word_1_315' title='bbox 407 3563 482 3644; x_wconf 87' lang='lat' dir='ltr'><strong>post</strong></span> <span class='ocrx_word' id='word_1_316' title='bbox 499 3555 663 3632; x_wconf 83' lang='lat' dir='ltr'><strong>Eudociae</strong></span> <span class='ocrx_word' id='word_1_317' title='bbox 681 3561 821 3622; x_wconf 86' lang='lat' dir='ltr'><strong>aetatem</strong></span> <span class='ocrx_word' id='word_1_318' title='bbox 841 3551 1014 3632; x_wconf 89' lang='lat' dir='ltr'><strong>floruerint,</strong></span> <span class='ocrx_word' id='word_1_319' title='bbox 1034 3553 1103 3622; x_wconf 89' lang='lat' dir='ltr'><strong>fieri</strong></span> <span class='ocrx_word' id='word_1_320' title='bbox 1124 3576 1188 3622; x_wconf 92' lang='lat' dir='ltr'><strong>non</strong></span> <span class='ocrx_word' id='word_1_321' title='bbox 1201 3562 1317 3641; x_wconf 85' lang='lat' dir='ltr'><strong>potest,</strong></span> <span class='ocrx_word' id='word_1_322' title='bbox 1337 3561 1373 3622; x_wconf 93' lang='lat' dir='ltr'><strong>ut</strong></span> <span class='ocrx_word' id='word_1_323' title='bbox 1388 3575 1446 3641; x_wconf 88' lang='lat' dir='ltr'><strong>pu-</strong></span> 
     </span>
     <span class='ocr_line' id='line_1_34' title="bbox 138 3657 1445 3744; baseline -0.006 -16"><span class='ocrx_word' id='word_1_324' title='bbox 138 3666 242 3730; x_wconf 90' lang='lat' dir='ltr'><strong>temus</strong></span> <span class='ocrx_word' id='word_1_325' title='bbox 261 3662 439 3729; x_wconf 82' lang='lat' dir='ltr'><strong>Eudoeiam</strong></span> <span class='ocrx_word' id='word_1_326' title='bbox 457 3680 475 3726; x_wconf 92' lang='lat' dir='ltr'><strong>e</strong></span> <span class='ocrx_word' id='word_1_327' title='bbox 496 3657 732 3726; x_wconf 86' lang='lat' dir='ltr'><strong>commentariis</strong></span> <span class='ocrx_word' id='word_1_328' title='bbox 753 3657 866 3724; x_wconf 91' lang='lat' dir='ltr'><strong>horum</strong></span> <span class='ocrx_word' id='word_1_329' title='bbox 878 3657 1019 3724; x_wconf 88' lang='lat' dir='ltr'><strong>virorum</strong></span> <span class='ocrx_word' id='word_1_330' title='bbox 1032 3659 1232 3744; x_wconf 90' lang='lat' dir='ltr'><strong>excerpisse:</strong></span> <span class='ocrx_word' id='word_1_331' title='bbox 1252 3658 1349 3724; x_wconf 92' lang='lat' dir='ltr'><strong>immo</strong></span> <span class='ocrx_word' id='word_1_332' title='bbox 1367 3673 1445 3724; x_wconf 85' lang='lat' dir='ltr'><strong>vero</strong></span> 
     </span>
     <span class='ocr_line' id='line_1_35' title="bbox 137 3757 1444 3851; baseline -0.006 -19"><span class='ocrx_word' id='word_1_333' title='bbox 137 3764 371 3851; x_wconf 89' lang='lat' dir='ltr'><strong>conjiciendum</strong></span> <span class='ocrx_word' id='word_1_334' title='bbox 396 3769 445 3830; x_wconf 89' lang='lat' dir='ltr'><strong>est</strong></span> <span class='ocrx_word' id='word_1_335' title='bbox 467 3782 539 3828; x_wconf 87' lang='lat' dir='ltr'><strong>eam</strong></span> <span class='ocrx_word' id='word_1_336' title='bbox 557 3781 599 3827; x_wconf 89' lang='lat' dir='ltr'><strong>ex</strong></span> <span class='ocrx_word' id='word_1_337' title='bbox 619 3759 733 3826; x_wconf 91' lang='lat' dir='ltr'><strong>iisdem</strong></span> <span class='ocrx_word' id='word_1_338' title='bbox 753 3757 903 3846; x_wconf 85' lang='lat' dir='ltr'><strong>fontibus,</strong></span> <span class='ocrx_word' id='word_1_339' title='bbox 924 3767 1021 3844; x_wconf 88' lang='lat' dir='ltr'><strong>atque</strong></span> <span class='ocrx_word' id='word_1_340' title='bbox 1033 3759 1236 3826; x_wconf 85' lang='lat' dir='ltr'><strong>Eustathium</strong></span> <span class='ocrx_word' id='word_1_341' title='bbox 1251 3768 1283 3828; x_wconf 93' lang='lat' dir='ltr'><strong>et</strong></span> <span class='ocrx_word' id='word_1_342' title='bbox 1294 3761 1444 3842; x_wconf 80' lang='lat' dir='ltr'><strong>Tzetnas,</strong></span> 
     </span>
     <span class='ocr_line' id='line_1_36' title="bbox 136 3858 1446 3952; baseline -0.003 -18"><span class='ocrx_word' id='word_1_343' title='bbox 136 3886 197 3934; x_wconf 89' lang='lat' dir='ltr'><strong>sua</strong></span> <span class='ocrx_word' id='word_1_344' title='bbox 214 3867 372 3952; x_wconf 84' lang='lat' dir='ltr'><strong>hausisse.</strong></span> <span class='ocrx_word' id='word_1_345' title='bbox 413 3864 504 3931; x_wconf 92' lang='lat' dir='ltr'><strong>Idem</strong></span> <span class='ocrx_word' id='word_1_346' title='bbox 519 3865 588 3950; x_wconf 86' lang='lat' dir='ltr'><strong>jam</strong></span> <span class='ocrx_word' id='word_1_347' title='bbox 610 3861 841 3930; x_wconf 89' lang='lat' dir='ltr'><strong>contenderunt</strong></span> <span class='ocrx_word' id='word_1_348' title='bbox 860 3881 972 3928; x_wconf 91' lang='lat' dir='ltr'><strong>censor</strong></span> <span class='ocrx_word' id='word_1_349' title='bbox 992 3861 1111 3928; x_wconf 89' lang='lat' dir='ltr'><strong>Violeti</strong></span> <span class='ocrx_word' id='word_1_350' title='bbox 1131 3862 1165 3928; x_wconf 91' lang='lat' dir='ltr'><strong>in</strong></span> <span class='ocrx_word' id='word_1_351' title='bbox 1183 3863 1267 3929; x_wconf 89' lang='lat' dir='ltr'><strong>Bibl.</strong></span> <span class='ocrx_word' id='word_1_352' title='bbox 1288 3861 1356 3926; x_wconf 92' lang='lat' dir='ltr'><strong>crit.</strong></span> <span class='ocrx_word' id='word_1_353' title='bbox 1369 3858 1446 3930; x_wconf 88' lang='lat' dir='ltr'><strong>Vol.</strong></span> 
     </span>
     <span class='ocr_line' id='line_1_37' title="bbox 137 3957 1440 4054; baseline -0.006 -20"><span class='ocrx_word' id='word_1_354' title='bbox 137 3969 180 4035; x_wconf 92' lang='lat' dir='ltr'><strong>II.</strong></span> <span class='ocrx_word' id='word_1_355' title='bbox 200 3975 283 4054; x_wconf 87' lang='lat' dir='ltr'><strong>part.</strong></span> <span class='ocrx_word' id='word_1_356' title='bbox 303 3969 362 4034; x_wconf 87' lang='lat'><strong>111.</strong></span> <span class='ocrx_word' id='word_1_357' title='bbox 381 3988 412 4053; x_wconf 91' lang='lat' dir='ltr'><strong>p.</strong></span> <span class='ocrx_word' id='word_1_358' title='bbox 432 3967 461 4035; x_wconf 78' lang='lat'><strong>7.</strong></span> <span class='ocrx_word' id='word_1_359' title='bbox 482 3967 573 4034; x_wconf 89' lang='lat' dir='ltr'><strong>etde</strong></span> <span class='ocrx_word' id='word_1_360' title='bbox 598 3965 727 4032; x_wconf 82' lang='lat' dir='ltr'><strong>Tnetnis</strong></span> <span class='ocrx_word' id='word_1_361' title='bbox 750 3963 792 4029; x_wconf 89' lang='lat' dir='ltr'><strong>M.</strong></span> <span class='ocrx_word' id='word_1_362' title='bbox 814 3963 871 4030; x_wconf 85' lang='lat' dir='ltr'><strong>Oh.</strong></span> <span class='ocrx_word' id='word_1_363' title='bbox 893 3963 931 4030; x_wconf 84' lang='lat' dir='ltr'><strong>G.</strong></span> <span class='ocrx_word' id='word_1_364' title='bbox 956 3963 1091 4030; x_wconf 88' lang='lat' dir='ltr'><strong>Mueller</strong></span> <span class='ocrx_word' id='word_1_365' title='bbox 1115 3964 1149 4030; x_wconf 94' lang='lat' dir='ltr'><strong>in</strong></span> <span class='ocrx_word' id='word_1_366' title='bbox 1173 3960 1375 4050; x_wconf 86' lang='lat' dir='ltr'><strong>praefatione</strong></span> <span class='ocrx_word' id='word_1_367' title='bbox 1400 3957 1440 4026; x_wconf 81' lang='lat' dir='ltr'><strong>ad</strong></span> 
     </span>
     <span class='ocr_line' id='line_1_38' title="bbox 135 4056 1439 4155; baseline -0.006 -19"><span class='ocrx_word' id='word_1_368' title='bbox 135 4070 332 4136; x_wconf 78' lang='lat' dir='ltr'><strong>Tzetzarum</strong></span> <span class='ocrx_word' id='word_1_369' title='bbox 357 4069 392 4134; x_wconf 92' lang='lat' dir='ltr'><strong>in</strong></span> <span class='ocrx_word' id='word_1_370' title='bbox 414 4067 661 4155; x_wconf 86' lang='lat' dir='ltr'><strong>Lycophronem</strong></span> <span class='ocrx_word' id='word_1_371' title='bbox 687 4065 880 4132; x_wconf 91' lang='lat' dir='ltr'><strong>scholiorum</strong></span> <span class='ocrx_word' id='word_1_372' title='bbox 907 4064 1080 4131; x_wconf 90' lang='lat' dir='ltr'><strong>editionem</strong></span> <span class='ocrx_word' id='word_1_373' title='bbox 1098 4066 1220 4150; x_wconf 91' lang='lat' dir='ltr'><strong>scripta</strong></span> <span class='ocrx_word' id='word_1_374' title='bbox 1240 4086 1272 4151; x_wconf 92' lang='lat' dir='ltr'><strong>p.</strong></span> <span class='ocrx_word' id='word_1_375' title='bbox 1292 4056 1439 4130; x_wconf 86' lang='lat' dir='ltr'>XXVIII</span> 
     </span>
     <span class='ocr_line' id='line_1_39' title="bbox 137 4165 1445 4258; baseline -0.011 -16"><span class='ocrx_word' id='word_1_376' title='bbox 137 4193 208 4258; x_wconf 87' lang='lat' dir='ltr'><strong>sqq.</strong></span> <span class='ocrx_word' id='word_1_377' title='bbox 246 4171 338 4250; x_wconf 81' lang='lat' dir='ltr'><strong>Quae</strong></span> <span class='ocrx_word' id='word_1_378' title='bbox 360 4171 442 4238; x_wconf 86' lang='lat' dir='ltr'><strong>ratio</strong></span> <span class='ocrx_word' id='word_1_379' title='bbox 470 4169 554 4236; x_wconf 90' lang='lat' dir='ltr'><strong>inter</strong></span> <span class='ocrx_word' id='word_1_380' title='bbox 574 4170 743 4242; x_wconf 70' lang='lat' dir='ltr'><strong>Noricum,</strong></span> <span class='ocrx_word' id='word_1_381' title='bbox 776 4166 927 4253; x_wconf 80' lang='lat' dir='ltr'><strong>Gregorii</strong></span> <span class='ocrx_word' id='word_1_382' title='bbox 952 4167 1153 4233; x_wconf 82' lang='lat' dir='ltr'><strong>Nazianzeni</strong></span> <span class='ocrx_word' id='word_1_383' title='bbox 1176 4165 1383 4252; x_wconf 90' lang='lat' dir='ltr'><strong>interpretem</strong></span> <span class='ocrx_word' id='word_1_384' title='bbox 1409 4167 1445 4226; x_wconf 81' lang='lat' dir='ltr'><strong>et</strong></span> 
     </span>
     <span class='ocr_line' id='line_1_40' title="bbox 135 4267 1188 4358; baseline -0.011 -15"><span class='ocrx_word' id='word_1_385' title='bbox 135 4275 288 4344; x_wconf 84' lang='lat' dir='ltr'><strong>violetum</strong></span> <span class='ocrx_word' id='word_1_386' title='bbox 307 4271 494 4358; x_wconf 88' lang='lat' dir='ltr'><strong>intercedat,</strong></span> <span class='ocrx_word' id='word_1_387' title='bbox 514 4271 598 4340; x_wconf 80' lang='lat' dir='ltr'><strong>inira</strong></span> <span class='ocrx_word' id='word_1_388' title='bbox 616 4267 796 4338; x_wconf 90' lang='lat' dir='ltr'><strong>accuratius</strong></span> <span class='ocrx_word' id='word_1_389' title='bbox 815 4289 836 4337; x_wconf 90' lang='lat' dir='ltr'><strong>a</strong></span> <span class='ocrx_word' id='word_1_390' title='bbox 855 4269 951 4346; x_wconf 65' lang='lat' dir='ltr'><strong>nobis,</strong></span> <span class='ocrx_word' id='word_1_391' title='bbox 966 4267 1188 4357; x_wconf 85' lang='lat' dir='ltr'><strong>explicabitur.</strong></span> 
     </span>
    </p>
   </div>
   <div class='ocr_carea' id='block_1_12' title="bbox 0 0 1556 4836">
    <p class='ocr_par' dir='ltr' id='par_1_13' title="bbox 0 0 1556 4836">
     <span class='ocr_line' id='line_1_41' title="bbox 0 0 1556 4836; baseline 0 5"><span class='ocrx_word' id='word_1_392' title='bbox 0 0 1556 4836; x_wconf 95' lang='lat' dir='ltr'><strong> </strong></span> 
     </span>
    </p>
   </div>
  </div>
 </body>
</html>
