3102 4836
690 75 881 158 ...ε’-

133 282 308 377 imperator
339 281 454 347 iterum
482 279 558 366 ipse
578 277 764 358 ,exercitum
794 282 906 345 contra
936 272 1092 341 barbaros
1119 269 1284 362 constitnit
1308 268 1434 336 ducere.
1529 288 1530 373 Ξ

130 369 289 450 Ἰηῖθιῖθῖὶθ
313 375 471 472 ominibus
491 399 509 445 θ
537 381 628 465 regia
657 399 807 464 egressus
832 377 893 443 bac
917 376 951 442 in
974 378 1178 466 expeditione
1199 373 1322 463 proelio
1344 371 1434 458 apud

129 486 250 570 urbem,
269 503 353 570 quae
375 483 564 548 Manzttiert
585 483 770 557 vocabatur,
794 482 962 551 commisso
983 503 1004 547 a
1024 481 1178 548 militibus
1200 477 1266 546 suis
1281 475 1431 542 Manuelo

110 588 235 672 *Duoa‚
265 580 400 652 loannis
422 583 533 650 Ducae
557 581 707 649 Caesaris
728 581 811 662 filio,
840 590 969 678 uictore
991 582 1162 651 destitutus
1183 587 1279 665 atque
1300 576 1432 644 relictus

128 687 282 754 aTurcis
304 691 354 752 cst
374 689 498 770 captus.
541 684 613 763 ,Quo
635 683 747 748 nuntio
768 683 802 750 in
826 686 938 752 urbem
967 687 1090 771 regiam
1112 685 1210 750 allato
1233 681 1317 748 inter
1337 697 1430 745 sena-

128 796 214 856 tores
236 787 456 874 primoresque
474 785 614 852 civitatis
636 806 774 872 magnae
796 794 890 853 natae
913 793 986 854 sunt
1008 783 1257 853 controversiae:
1281 780 1353 846 aliis
1373 778 1436 844 im-'

128 889 281 976 peratrioi
301 893 495 975 potestatem
518 889 749 956 restituendam
770 909 842 956 esse
863 889 1077 965 censentibus,
1099 887 1171 953 aliis
1193 891 1271 951 natu
1291 879 1433 946 maximo

129 994 201 1080 ejus
221 991 360 1066 filiorum
381 989 550 1074 imperium
582 989 843 1068 decernentibus,
875 991 947 1057 aliis
981 1011 1178 1056 communem
1209 994 1241 1053 et
1272 983 1368 1050 matri
1399 987 1434 1047 θῖ

128 1093 204 1160 filiis
241 1091 463 1158 auctoritatem
495 1091 716 1160 tribuentibus.
745 1093 860 1172 ‚Quae
896 1092 1131 1160 controversiae
1168 1091 1299 1174 insuper
1335 1085 1434 1151 etiam

128 1200 359 1278 auctoratum,
387 1213 458 1258 cum
473 1193 662 1280 imperatrix
676 1195 799 1260 litteras
816 1215 837 1259 a
852 1196 988 1280 conjuge
1005 1193 1142 1280 scriptas
1159 1189 1292 1276 accepit,
1316 1184 1434 1270 quibus

129 1297 245 1366 certior
274 1302 324 1362 est
344 1293 432 1360 facta
454 1295 543 1362 illurn
564 1317 645 1382 pace
663 1293 841 1380 composita
860 1316 880 1361 a
896 1296 1023 1364 sultano
1048 1295 1199 1362 donatum
1215 1293 1363 1358 libertate
1377 1286 1433 1353 do-

130 1419 217 1464 mum
240 1415 312 1464 esse
335 1413 545 1464 reversurum.
589 1398 660 1477 Quo
682 1397 793 1462 nuntio
814 1399 1005 1483 pervulgato
1027 1400 1170 1466 loannes
1185 1397 1295 1460 Duoas
1310 1389 1435 1457 Cacsar

132 1519 197 1565 una
219 1518 291 1563 cum
312 1497 397 1583 liliis,
420 1519 458 1565 ao
480 1499 640 1565 nonnullis
656 1499 858 1565 senatoribus
873 1499 991 1577 ascitis,
1008 1521 1140 1586 quorum
1156 1498 1292 1583 Psellus,
1306 1496 1434 1581 Hyper·

131 1600 244 1685 timus,¹
258 1599 409 1692 princeps
431 1607 501 1666 erat
523 1601 646 1686 etipse
668 1599 811 1685 Diogeni
832 1600 1080 1688 inimicissimus,
1100 1601 1285 1688 Eudooiam‚
1308 1619 1389 1684 quae
1413 1619 1435 1664 a

130 1701 238 1770 mariti
261 1699 312 1769 sui
333 1701 478 1786 partibus
499 1703 628 1769 stetisse
650 1721 786 1786 eumque
807 1697 1031 1795 imperatorem
1053 1712 1085 1770 et
1107 1703 1269 1770 dominum
1289 1701 1435 1786 recipere

129 1803 272 1871 voluisse
293 1801 429 1882 videtur,
453 1804 566 1870 e'solio
585 1803 744 1888 dejectam
761 1803 795 1867 in
817 1807 1054 1886 monasterium,
1077 1805 1162 1892 quod
1176 1805 1249 1890 ipsa
1262 1803 1305 1870 ad
1319 1803 1436 1870 fretum

129 1905 334 1992 Propontidis
368 1903 570 1990 condiderat,
605 1906 719 1990 cuique
752 1925 869 1971 nomen
898 1907 1052 1989 Pipcrnde
1063 1908 1104 1995 13)
1126 1896 1212 1985 erat,
1245 1906 1370 1990 relegat
1402 1911 1437 1970 et

130 2009 330 2080 Mtobactnm,
357 2007 558 2073 Constantini
579 2007 687 2072 Dnccc
709 2007 808 2092 filtrum
830 2021 909 2074 nuru
931 2013 1115 2086 munimntn,
1138 2010 1363 2096 imperatorem
1377 2005 1435 2072 de-

129 2111 241 2175 clarat.
286 2107 358 2188 Quo
375 2107 461 2184 facto
483 2129 585 2176 novus
608 2110 782 2194 imperator
803 2115 915 2176 contra
936 2109 1126 2194 Diogenem,
1148 2132 1243 2196 quem
1272 2133 1313 2180 ne
1337 2110 1436 2197 regiis

129 2209 302 2277 honoribus
333 2209 533 2296 acciperent,
554 2204 764 2276 interdixerat
791 2209 974 2278 civitatibus
1000 2212 1148 2300 orientis,
1185 2215 1436 2298 Constantinum,

129 2311 265 2380 loannis
285 2310 401 2378 Ducae
425 2311 575 2382 Caesaris
595 2311 705 2396 filium,
728 2311 823 2377 misit.
855 2311 936 2378 Cum
950 2320 1056 2381 autem
1078 2315 1130 2380 bio
1143 2314 1210 2380 fere
1223 2307 1307 2381 ¹nihil
1325 2323 1437 2382 contra

130 2413 314 2498 Diogenem
334 2411 461 2479 efficere
483 2421 603 2498 posset,
627 2413 698 2498 ejus
719 2415 790 2480 loco
812 2417 1030 2492 Andronicus,
1055 2416 1136 2482 alter
1164 2417 1299 2484 Joannis
1319 2417 1436 2484 Ducae

129 2515 223 2593 filius,
246 2515 312 2582 dux
333 2515 497 2600 copiarum
519 2515 722 2582 orientalium
749 2514 853 2582 factus
876 2523 939 2586 est:
983 2518 1035 2584 cui
1055 2517 1220 2603 Diogenes
1246 2518 1279 2584 in
1301 2518 1436 2586 Ciliciae

130 2637 213 2702 arce,
236 2615 352 2684 Adana
372 2617 508 2704 nomine,
532 2619 683 2684 obsessus
709 2637 744 2684 se
765 2617 854 2684 dedit
873 2618 938 2685 fide
959 2627 1109 2706 accepta,
1138 2639 1178 2686 ne
1200 2621 1302 2687 oculis
1324 2611 1434 2706 priva-

130 2730 217 2790 retur
243 2722 296 2788 vel
326 2723 427 2786 morte
456 2721 653 2808 multaretur,
697 2721 761 2788 Sed
784 2721 881 2806 paulo
901 2729 975 2807 post
997 2730 1108 2790 contra
1128 2721 1225 2788 fidem
1244 2722 1354 2790 datam
1376 2723 1435 2790 Oo-

130 2825 220 2912 tyaei
238 2823 272 2889 in
293 2823 372 2888 urbe
393 2821 529 2889 loannis
551 2822 702 2890 Caesaris
720 2825 824 2909 jussu,
845 2823 1003 2891 Michaelo
1022 2825 1223 2910 imperatore,
1243 2832 1279 2890 ut
1300 2824 1436 2912 videtur,

134 2927 292 2994 insciente
319 2931 352 2991 θῖ
380 2923 481 2991 invito
494 2923 550 3009 14),
583 2925 684 2992 oculis
713 2924 858 3010 privatus
881 2930 939 2990 est.
982 2925 1083 2990 Paulo
1110 2933 1184 3010 post
1211 2927 1342 2993 vulnere
1365 2925 1436 3012 ejus

49 3085 52 3094 .
131 3029 272 3099 barbara
294 3026 483 3094 crudelitate
506 3047 571 3094 non
598 3027 680 3092 bene
707 3033 816 3093 curato
839 3024 880 3090 ad
905 3026 1131 3112 Propontidem
1154 3029 1255 3094 vitam
1275 3028 1379 3096 finivit
1401 3036 1435 3096 et

130 3131 165 3196 in
185 3127 301 3216 insula,
323 3149 406 3214 quae
428 3129 526 3196 Prota
550 3135 692 3207 vocatur,
714 3128 755 3193 ab
772 3127 924 3206 Eudooia,
944 3149 1059 3213 uxore,
1087 3149 1170 3212 quae
1191 3131 1348 3215 supremis
1369 3152 1436 3199 ma-

131 3233 248 3319 gnifice
269 3229 464 3316 fungebatur
482 3231 605 3315 officiis,
628 3231 772 3316 sepultus
797 3235 855 3296 est.

215 3333 361 3400 liudooia
389 3335 444 3398 snb
466 3337 598 3416 irnperio
621 3335 793 3418 Mtcbcob‘,
815 3335 889 3418 pilii,
923 3335 1013 3400 exsul
1042 3340 1111 3399 erat
1139 3352 1295 3400 unacum
1319 3333 1436 3402 ceteris

131 3434 242 3502 liberis
265 3454 370 3520 neque
390 3435 513 3520 regiam
535 3433 655 3499 intrare
679 3433 709 3498 ei
731 3431 857 3502 licebat
870 3433 912 3524 15)
954 3436 1130 3519 Postquam
1151 3442 1257 3502 autern
1281 3435 1350 3519 ille,
1380 3435 1437 3520 qui

130 3535 238 3620 magis
252 3536 415 3605 hominum
426 3536 591 3604 doctorum
607 3543 640 3602 et
655 3535 830 3604 scribarum
846 3537 961 3605 studiis
978 3544 1048 3604 erat
1058 3537 1195 3624 deditus,
1218 3558 1314 3623 quam
1329 3544 1436 3624 aptus,

133 3639 188 3724 qui
209 3658 277 3706 rem
298 3639 461 3724 publicam
482 3640 564 3706 bene
585 3639 824 3706 administraret
842 3659 958 3724 resque
977 3639 1054 3706 belli
1076 3640 1235 3725 gerendas
1257 3647 1392 3724 curaret,
1415 3661 1437 3706 a
1483 3689 1492 3704 .

202 3903 234 3970 η)
247 3901 361 3972 Scylitz.
381 3919 408 3973 p.
420 3905 469 3958 843
482 3899 609 3971 (Oedren.
621 3902 657 3958 11.
673 3921 699 3973 p.
711 3908 769 3973 702,
781 3902 883 3968 Belrlr.)
909 3901 963 3958 hoo
987 3905 1184 3961 monasterium
1204 3901 1327 3981 Πιπερές
1348 3905 1436 3960 nomi·

133 3995 191 4057 nat,
207 3987 291 4044 Mich.
306 3987 392 4045 Attal.
402 4007 429 4060 p.
441 3993 497 4046 168.
507 3987 595 4043 Beklr.
617 3983 770 4064 Πιπερέδη,
788 3988 872 4044 Anna
890 3989 1020 4044 Comnen.
1032 3989 1079 4047 lib.
1089 3991 1139 4047 IX.
1160 4013 1186 4063 p.
1197 3997 1247 4047 256
1267 3985 1434 4067 Κυπερέδηε

133 4074 210 4130 haud
228 4074 285 4130 scio
304 4091 340 4128 an
360 4069 504 4152 Πιπερέδη
524 4091 619 4129 verum
638 4091 739 4128 nomen
759 4074 796 4128 sit
814 4091 848 4130 ac
866 4080 979 4133 rectum.

205 4169 238 4240 ¹⁴)
255 4167 320 4226 vic.
340 4169 453 4242 Scylitz.
472 4169 535 4226 bist.
555 4186 581 4240 p.
604 4172 653 4224 845
675 4169 801 4237 (cedreni
821 4169 884 4228 Vol.
905 4171 941 4228 11.
959 4191 985 4243 p.
1006 4179 1065 4230 705.
1083 4171 1191 4238 Boua).

204 4255 236 4323 ¹⁸)
252 4255 335 4312 Mich.
354 4253 439 4312 Attal
458 4251 504 4312 fol.
524 4259 574 4310 aab
593 4272 613 4312 r.
633 4257 670 4326 (p.
685 4261 742 4313 304.
762 4255 868 4324 Boiu).
