3102 4836
709 145 921 250 ..4οζ

68 383 74 405 “
147 371 266 452 '³dasse,
288 370 374 458 qnod
389 369 634 458 inscriptionem
655 368 814 438 notissimi
836 368 924 436 illius
950 367 1023 435 libri
1044 387 1065 434 a
1085 363 1267 450 Porphyrio
1287 359 1460 446 consumpti

28 562 30 572 y
160 475 227 598 „de
264 474 406 559 quinque
429 471 587 540 vocibus“
596 523 604 557 ,
637 472 734 556 quia
770 471 871 539 Suida
891 469 942 536 bIs
963 469 1070 537 vorbis
1092 464 1221 534 nitatur:
1262 487 1342 548 napo
1333 460 1461 539 Peras

162 601 218 643 acro
210 572 345 653 albos
368 573 426 641 καὶ
451 577 630 662 Διαφορᾶς
651 571 710 638 καί
731 567 815 640 'Idc'a
841 571 924 638 καὶ
926 567 1183 656 Συμβεβηκότος
1202 567 1253 634 his
1274 563 1383 632 verbis
1405 563 1462 628 eiu

160 675 378 772 cumscripsit.
405 677 466 754 τὰς
488 672 731 758 estaperseo
752 671 866 762 φωνάς
895 673 1002 784 (deest
1023 669 1113 738 hic
1103 691 1137 736 ru
1166 672 1317 736 mutextu
1334 663 1463 732 violarit

159 779 321 867 particula
333 770 377 864 ἢ),
397 773 697 864 τῆςἈριστυιέλες
714 777 850 863 λογικῆς
867 773 1101 862 πραγματείας
1117 767 1303 855 procurabo
1322 763 1462 850 riceyo

161 878 238 964 γάς;
267 897 352 964 quae
372 879 473 946 verba
486 877 619 964 propius
632 875 676 942 ad
697 877 860 964 propriam
878 878 949 964 cJ'us
978 873 1219 958 inscriptionem
1239 863 1456 954 Εἰσαγωγῇ
1444 861 1464 951 ἠ

163 979 332 1066 περὶτῶν
353 981 451 1048 πέντε
473 982 593 1067 φωνῶν
615 978 778 1045 accedunt.
817 979 899 1045 (lum
914 999 989 1046 vero
1007 977 1144 1044 Michael
1161 974 1288 1042 Psellus
1305 973 1354 1044 11)
1370 987 1461 1056 prae-

159 1089 271 1170 ceptor
284 1081 457 1148 liberorum·
470 1079 644 1157 brucciae,
655 1080 813 1166 synopsin
822 1081 918 1166 hujus
933 1079 1006 1146 libri
1016 1077 1207 1164 scripsisset,
1222 1075 1293 1142 sino
1303 1071 1401 1140 dubio
1414 1068 1463 1136 illi

160 1191 194 1252 et
208 1185 279 1270 ejus
290 1181 422 1268 propria
432 1180 598 1266 inscriptio
610 1187 643 1248 et
663 1188 894 1268 argumentum,
905 1181 991 1266 quod
1005 1181 1125 1248 Suidae
1141 1177 1247 1246 verbis
1263 1173 1466 1262 exprimitur,

83 1339 84 1344 η
161 1293 232 1353 erat
252 1291 370 1352 notum.
414 1284 487 1363 Qua
518 1282 559 1349 de
589 1303 688 1354 causa
720 1304 815 1369 quam
843 1283 1137 1351 manifestissimum
1163 1286 1214 1347 cst
1240 1298 1314 1345 eam
1344 1273 1468 1344 Suidae

161 1387 262 1454 verba
280 1383 465 1454 correxisse.

247 1488 292 1556 Ut
323 1493 432 1553 autem
460 1485 523 1553 hao
543 1505 595 1573 re,
626 1486 674 1554 sio
712 1486 811 1552 etiam
832 1487 899 1554 alia
938 1487 1017 1553 locis
1044 1505 1142 1572 snpra
1172 1483 1280 1550 allatis
1306 1481 1376 1547 iere
1397 1483 1470 1545 tota

163 1589 286 1658 tollitur
306 1589 356 1656 vis
386 1587 626 1656 demonstrandi
657 1595 811 1675 excerpta
843 1589 1030 1658 Eudoeiaua
1061 1608 1102 1656 ex
1132 1587 1197 1654 alio
1230 1585 1319 1652 tonte
1350 1581 1471 1648 hausta

164 1711 238 1759 esse
273 1696 371 1775 atque
410 1709 429 1786 e
462 1688 582 1756 Suidae
612 1690 727 1758 lexico.
785 1693 860 1758 Non
889 1691 994 1776 euim,
1027 1689 1112 1774 quod
1142 1689 1212 1774 jam
1237 1681 1470 1769 Bernhardyus

164 1781 235 1860 l.'o.
253 1813 285 1878 p.
307 1792 458 1858 XXXIII
480 1811 525 1876 sq.
549 1791 688 1869 statuit,'
707 1792 778 1860 sine
810 1793 920 1878 aliqua
952 1793 1061 1880 specie
1091 1789 1237 1882 veritatis
1267 1794 1318 1856 est
1345 1783 1468 1853 Suidae

76 1918 79 1927 ’
165 1895 293 1962 lexicon
320 1899 395 1980 post
415 1893 450 1959 id
470 1899 612 1979 tempus,
637 1913 700 1978 quo
731 1899 886 1981 excerpta
915 1892 1102 1960 Eudooiaua
1126 1891 1202 1958 inde
1231 1891 1371 1958 deducta
1389 1883 1472 1969 siut,

166 1995 384 2083 compluribus
420 1993 500 2062 loeis
536 1995 708 2062 sedulitate
746 1997 901 2063 lectorum
926 1995 1140 2062 studiosorum
1176 1999 1209 2060 et
1237 1991 1474 2078 locupletatum

163 2105 196 2166 et
230 2102 413 2184 corruptum
452 2116 544 2164 esse:
576 2117 681 2180 neque
713 2099 827 2176 talem,
862 2090 968 2182 qualis
1000 2097 1092 2164 nobis
1123 2095 1285 2183 putandus
1316 2099 1367 2160 est
1396 2088 1474 2157 fons

164 2206 388 2286 excerptorum
409 2198 685 2276 Eudociauorum‚
718 2199 811 2266 nobis
844 2219 917 2267 esse
944 2205 1181 2275 conservatum,
1208 2195 1267 2264 sed
1295 2191 1403 2262 studio
1431 2209 1476 2256 ae

67 2293 70 2304 ’
164 2303 334 2388 diligentia
353 2302 495 2370 virorum
514 2300 695 2389 doctorum,
717 2301 772 2386 qui
791 2308 865 2388 post
885 2301 1048 2368 Eudooiae
1070 2305 1210 2366 aetatem
1231 2297 1395 2380 vivebant,
1418 2292 1476 2360 hic

164 2411 197 2473 et
217 2403 285 2470 illic
305 2401 536 2488 amplificatum
558 2401 844 2489 depravatumque.
888 2403 992 2483 Quam
1019 2403 1202 2489 opinionem
1222 2401 1319 2468 etiam
1343 2417 1396 2496 ea*
1417 2415 1477 2462 res

163 2504 269 2573 reddit
290 2525 386 2590 quam
406 2503 688 2590 verisimillimam,
716 2504 802 2588 quod
831 2505 949 2572 seimus
978 2503 1098 2571 Suidae
1124 2503 1251 2572 lexicon
1273 2503 1369 2570 cursu
1389 2506 1476 2566 tem-

163 2627 279 2693 porum
299 2627 363 2676 non
384 2607 540 2672 minutum
562 2603 621 2673 sed
642 2606 748 2692 magis
769 2607 938 2692 magIsquc
957 2611 1086 2674 auctum
1102 2613 1134 2674 et
1149 2605 1380 2692 amplificatum
1397 2621 1477 2670 esse

165 2709 219 2776 cfr.
241 2709 486 2796 Bernhardyum
514 2709 534 2777 l.
561 2728 588 2774 o.
614 2727 684 2792 cap.
712 2708 754 2784 II,
787 2709 817 2774 4.
839 2729 870 2794 p.
889 2709 984 2796 XLII
1005 2713 1038 2775 et
1065 2729 1134 2796 cap.
1156 2709 1217 2794 III,
1250 2711 1278 2776 1.
1299 2727 1331 2792 p.
1351 2704 1477 2770 LXIV.

166 2809 320 2878 Videmus
360 2810 460 2896 igitur
495 2808 591 2878 valde
624 2809 739 2876 saltem
778 2829 851 2876 esse
888 2811 1088 2896 ambiguum,
1121 2831 1197 2876 num
1236 2808 1270 2875 hi
1303 2807 1382 2892 loci,
1415 2806 1480 2872 ubi

165 2910 311 2978 Eudooia
332 2913 507 3000 scripturas
529 2911 634 2998 magis
658 2910 846 2978 emendatas
874 2913 1030 2998 praebeat
1057 2919 1089 2978 et
1116 2911 1276 2979 interdum
1291 2908 1480 2996 posteriora

166 3013 387 3080 additamenta
408 3013 529 3082 Suidae
558 3015 702 3099 ignoret,
734 3015 860 3108 possint
891 3014 1036 3082 demonst
1023 3021 1110 3082 trare
1139 3015 1229 3080 illam
1261 3009 1480 3080 vetustiorem

165 3115 294 3193 iontem,
318 3136 415 3200 quam
435 3117 531 3204 hujus
552 3116 690 3194 lexicon,
712 3121 856 3182 secutam
877 3137 957 3184 esse.

251 3219 389 3285 Haud'
380 3240 493 3304 rgnoro
518 3238 693 3302 meusque
716 3215 821 3284 adhuc
842 3219 996 3286 nonnulla
1019 3237 1084 3285 non
1105 3223 1172 3282 tam
1193 3212 1361 3299 gravibus·
1378 3229 1479 3294 argu-

165 3319 548 3408 montemmaranum
569 3319 786 3408 suspicionem
807 3319 881 3387 duci
896 3341 960 3387 nou
974 3315 1344 3404 possintproposuisse:
1366 3329 1476 3395 neque

166 3423 228 3490 hoe
249 3421 407 3509 fecissem,
429 3423 492 3492 nisi
514 3423 590 3489 mihi
608 3428 697 3490 certa
715 3429 824 3489 esseut
839 3429 1037 3508 argumenta,
1058 3421 1172 3506 quibus
1190 3415 1360 3501 sententia,
1377 3431 1483 3498 quam

168 3525 210 3592 de
233 3524 295 3592 hcc
323 3525 411 3592 fonte
431 3525 617 3592 Eudooiano
642 3524 762 3611 habeo,
793 3545 872 3591 vera
910 3544 982 3592 esse
1010 3523 1171 3609 probetur.
1214 3522 1288 3587 Non
1317 3535 1400 3607 opus
1425 3522 1487 3583 est

47 3623 50 3628 ’
170 3627 351 3694 accuratius
378 3627 511 3713 exponi,
543 3647 639 3711 quam
672 3633 742 3694 arto
770 3625 1020 3712 propinquitatis
1041 3624 1169 3692 vinculo
1192 3625 1346 3706 excerpta
1368 3618 1486 3687 Eudo·

169 3727 264 3795 ciana
285 3747 358 3794 eum
375 3727 461 3813 vitis,
484 3747 565 3813 quas
586 3728 673 3814 apud
689 3729 823 3796 Suidam
842 3729 1033 3806 invenimus,
1053 3727 1224 3813 conjuncta
1239 3725 1319 3792 sint:
1351 3721 1488 3810 quippe

169 3850 243 3898 cum
263 3847 477 3914 unaquaeque
508 3829 575 3896 iere
601 3831 728 3897 violarii
757 3831 879 3918 pagina
910 3830 1006 3916 hujus
1035 3830 1082 3896 rei
1113 3831 1303 3914 argumento
1336 3821 1388 3895 'sit
1438 3827 1492 3892 At

169 3951 267 3999 unum
285 3931 346 3998 hoo
371 3929 405 3996 in
431 3950 550 4015 genere
577 3939 693 4010 restat,
718 3933 804 4018 quod
832 3932 965 4017 dignum
990 3937 1040 4000 est
1069 3935 1246 3998 memoratu
1276 3927 1493 4012 multumque

171 4033 259 4102 valet
280 4032 321 4098 ad
341 4039 484 4100 nostram
503 4034 724 4117 quaestionem
745 4042 832 4102 reete
854 4033 1124 4120 dijudicandam*
1147 4031 1284 4098 Etiamsi
1305 4029 1395 4096 enim
1406 4030 1495 4117 jam

170 4137 350 4222 complures
372 4135 434 4204 viri
455 4135 541 4204 docti
562 4137 596 4202 in
614 4136 810 4206 dudecianis
833 4135 994 4221 excerptis
1022 4157 1093 4203 cum
1120 4135 1223 4204 Suida
1249 4136 1496 4220 comparandis

170 4285 379 4293 ——-—-—......-

241 4357 275 4424 11)
294 4353 343 4416 ca
360 4355 470 4418 rasso.
489 4357 521 4418 s.
539 4356 575 4417 s.
591 4357 654 4418 vu.
673 4357 707 4417 v.
726 4375 754 4434 p.
776 4361 825 4416 css
844 4373 883 4431 sq.
895 4352 982 4416 'narr
