3102 4836
612 209 889 280 v-o-

144 393 241 472 lavit‚'
261 401 298 462 ul
313 391 525 480 jurejurando
547 393 749 478 promitteret
769 394 945 462 secundum
972 393 1207 461 matrimonium
1229 413 1265 461 se
1288 413 1351 467 nou
1373 414 1448 463 esso

143 495 302 564 inituram.
358 494 458 580 Cujus
486 495 570 580 juris
596 493 729 580 jurandi
760 495 801 562 ab
833 496 890 563 illa
920 497 987 562 dati
1015 495 1142 564 litterae
1163 497 1298 583 Ioanni,
1331 518 1447 583 cogno-

143 598 229 664 mine
261 595 450 683 Xiphilino,
488 595 709 682 patriarchae,
741 601 776 662 ut
807 617 864 665 eas
897 597 1072 666 custodiret
1103 599 1342 683 incolumesque
1374 619 1447 666 con·

97 776 99 784 ,
144 704 297 777 servaret,
318 703 393 765 sunt
414 695 560 766 traditae.
599 698 701 766 Paulo
716 704 790 784 post
809 700 915 768 medio
937 701 1048 768 mense
1063 700 1159 768 Junio
1175 699 1252 766 anni
1268 700 1349 766 1067
1364 699 1448 768 (ion-

145 801 305 870 stantinus
328 800 504 886 imperator
525 800 611 867 dIem
637 799 717 867 obiit
746 818 944 884 supremum:
988 823 1050 887 quo
1072 809 1195 870 mortuo
1217 804 1362 868 Eudocs'o
1382 821 1450 866 cna

145 923 215 968 cum
238 903 337 968 trihus
359 903 432 986 filiis
451 903 612 984 regnabat.
657 900 723 968 Sed
745 921 816 967 cum
837 901 934 968 Turci
955 923 994 970 eo
1023 904 1176 971 audacius
1198 909 1296 988 atque
1323 902 1448 969 vIolen-

144 1005 209 1072 tius
231 1001 404 1070 orientales
431 1002 615 1088 provIncias
643 1009 815 1080 vexarent,
849 1006 1042 1090 quominus
1070 1005 1169 1074 fortes
1198 1012 1296 1088 atque
1327 1003 1450 1072 strenui

145 1105 308 1194 principes
330 1123 399 1171 rem
430 1103 594 1189 publicam
623 1089 924 1183 admiriistrabant,¹
953 1127 1088 1192 cumque
1115 1106 1303 1198 imperatrix
1325 1105 1449 1172 intelle-

145 1214 237 1292 geret
256 1206 393 1274 salutem
415 1203 463 1272 rei
483 1195 632 1291 publicae
653 1207 688 1272 in
707 1207 882 1273 maximum
900 1209 1077 1294 periculum
1099 1214 1139 1275 et*
1153 1215 1330 1276 extremum
1344 1228 1450 1295 paene

145 1307 317 1376 discrimen
331 1306 504 1374 adductum
519 1307 566 1386 iri,
588 1308 651 1376 nIsi
672 1327 828 1375 summum
849 1309 1018 1395 imperium
1032 1311 1066 1376 in
1081 1331 1194 1380 manus
1219 1311 1280 1376 viri
1300 1309 1390 1376 tortis
1410 1331 1451 1376 ac

145 1409 222 1476 belli
243 1409 341 1495 periti
362 1413 450 1476 esset
463 1414 642 1487 venturum,
664 1409 725 1474 etsi
737 1409 948 1494 jurejurando
964 1412 1075 1485 vineta
1090 1419 1168 1496 erat,
1190 1417 1298 1482 tamen
1314 1412 1450 1478 alterum

146 1511 296 1578 maritum
318 1514 351 1578 et
371 1509 464 1595 regni
485 1515 622 1578 tutorem
642 1511 704 1588 sibi
723 1510 901 1596 adjungere
920 1489 1093 1580 constituit.
1128 1513 1242 1598 Neque
1262 1513 1317 1578 diu
1335 1513 1366 1580 ei
1381 1520 1452 1579 erat

147 1611 378 1698 quaerendum,
411 1613 470 1680 sed
498 1613 591 1698 quasi
621 1611 751 1681 fortuito
780 1613 830 1680 vir
857 1615 997 1682 maxime
1025 1614 1159 1682 idoneus
1195 1615 1237 1680 ad
1265 1615 1349 1682 hanc
1380 1611 1451 1698 dig·

147 1711 282 1791 nitatem
309 1715 459 1782 inventus
495 1721 554 1782 est.
608 1715 773 1782 Romanus
802 1717 887 1782 enim
917 1720 1068 1800 Diopcaes
1097 1724 1167 1783 erat
1196 1717 1246 1785 vir
1273 1723 1305 1782 et
1333 1736 1452 1802 genere

147 1813 380 1882 illustrissimus
409 1821 441 1882 et
469 1815 666 1882 clarissimus
695 1816 790 1884 rebus
812 1818 928 1904 gestis,
958 1818 1043 1884 filius
1067 1804 1268 1885 Constantini
1285 1817 1453 1904 Diogenis,

149 1915 205 2000 qui
224 1917 285 1983 sub
305 1917 427 1984 Basiho
445 1917 681 2003 Bulgarcctono
708 1924 740 1984 et
762 1919 861 1986 fratre
888 1921 959 2006 ejus
982 1920 1192 1987 Constantino
1214 1919 1295 1986 VIII
1325 1926 1357 1987 et
1385 1922 1452 1986 Ro-

149 2037 244 2085 mano
264 2018 317 2084 III
343 2021 471 2106 Argyro
506 2019 754 2106 imperatoribus
786 2023 919 2090 summis
951 2023 1193 2107 magistratibus
1222 2027 1254 2087 et
1282 2021 1455 2089 honoribus

150 2121 360 2207 amplissimis
381 2127 451 2188 erat
468 2121 664 2208 perfunctus.
708 2123 815 2207 Atque
835 2126 913 2190 item
932 2123 1094 2190 Romanus
1115 2124 1292 2210 Diogenes,
1313 2123 1363 2189 vir
1385 2125 1455 2190 cor&

149 2243 228 2312 pore
249 2223 463 2309 pulcherrimo
486 2227 519 2290 et
543 2222 717 2290 fortissimo
735 2224 842 2290 animo
864 2246 885 2290 a
906 2225 1116 2292 Constantino
1131 2227 1163 2290 X
1185 2227 1278 2291 Duca
1300 2223 1455 2291 Serdicae

150 2324 217 2391 dux
237 2325 343 2392 factus
373 2329 406 2390 et
432 2331 565 2410 propter
592 2325 770 2411 singularia
794 2327 872 2394 belli
893 2329 1007 2394 merita
1034 2325 1275 2398 vestarcharum
1297 2325 1457 2410 dignitate

149 2433 280 2494 ornatus
306 2432 383 2494 erat.
426 2425 489 2492 Hic
511 2445 582 2491 cum
611 2433 809 2512 compertum
830 2427 963 2494 haberet
984 2428 1108 2495 Ducam
1136 2429 1361 2514 imperatorem
1381 2447 1457 2494 esse

103 2573 113 2592 t
150 2534 315 2606 mortuum,
334 2527 468 2613 imperio
489 2527 586 2611 potiri
615 2527 774 2596 studebat.
816 2529 886 2610 Quo
914 2528 1046 2597 consilio
1074 2529 1237 2615 patefacto
1266 2529 1456 2616 imperatrix

150 2651 224 2699 eum
260 2629 487 2716 comprehendi
518 2627 618 2714 jussit
663 2635 698 2696 et
740 2632 861 2700 catenis
902 2631 1043 2700 vinctum
1077 2633 1272 2716 Byzantium
1313 2631 1456 2718 perduci.

52 2727 56 2736 ’
151 2734 354 2818 Quamquam
383 2739 491 2800 autem
518 2731 563 2799 ihi
591 2733 701 2799 laesae
728 2733 909 2818 maJestatis
936 2739 968 2800 et
989 2732 1188 2799 infidelitatis
1209 2739 1320 2800 contra
1348 2735 1457 2806 aulam

151 2835 391 2920 imperatoriam
414 2833 578 2902 convictus
600 2841 684 2921 erat,
714 2841 822 2901 tamen
842 2834 883 2901 ab
911 2822 1128 2920 imperatrice,
1158 2855 1231 2901 oum
1252 2835 1336 2900 hunc
1352 2835 1457 2901 virum

152 2933 302 3012 idoneum
323 2936 464 3022 duceret,
484 2937 539 3021 qui
558 2935 623 3023 ipsi
644 2943 677 3004 et
698 2937 808 3004 liberis
831 2957 967 3022 regnum
993 2941 1079 3004 esset
1107 2926 1366 3014 conservaturus,
1397 2935 1456 3002 ori-

92 3109 94 3116 ,
152 3039 239 3104 mine
254 3037 377 3106 solutus
393 3038 427 3104 in
444 3037 684 3124 cappadociam
695 3039 834 3125 patriam
856 3041 973 3106 missus
989 3045 1048 3106 est.
1085 3037 1151 3104 Sed
1173 3039 1252 3104 urbe
1271 3037 1328 3105 vix
1344 3036 1458 3105 relicta

152 3139 316 3208 Eudoeiae
332 3141 427 3225 jussu
456 3146 626 3208 revocatus
654 3139 810 3224 magister
833 3149 864 3208 et
886 3142 953 3208 dux
975 3141 1138 3227 copiarum
1158 3140 1262 3208 factus
1283 3147 1342 3208 est.
1385 3139 1456 3220 Quo

152 3243 222 3311 viro
244 3243 328 3308 clam
350 3238 393 3308 ¹ad
414 3243 599 3330 conjugium
624 3243 731 3310 electo
761 3243 818 3310 illa
846 3246 920 3330 Jure
933 3243 1074 3328 jurando
1106 3245 1174 3336 illo.
1195 3251 1227 3312 et
1259 3243 1457 3328 syngrapha,

154 3365 238 3431 quae
269 3344 475 3430 patriarchae
511 3343 721 3412 custodienda
754 3353 824 3412 erat
855 3344 990 3429 tradita,
1040 3353 1090 3412 est
1121 3344 1294 3432 impedita,
1335 3365 1376 3411 ne
1409 3344 1458 3411 illi

153 3447 283 3535 publice
303 3447 446 3514 nuberet
489 3447 665 3531 Postquam
687 3448 799 3514 vautem
819 3447 942 3514 litteras
961 3449 1035 3515 illas
1059 3447 1171 3514 fraude
1193 3468 1211 3514 e
1231 3447 1378 3512 manibus
1400 3467 1458 3532 pa-

113 3607 116 3614 ,
153 3550 314 3618 triarchae
324 3548 524 3616 fallacissimi
536 3551 670 3616 extorsit
680 3558 713 3618 et
723 3550 776 3618 hic
788 3551 886 3618 etiam
898 3551 1098 3619 senatoribus
1110 3549 1279 3644 persuasit,
1294 3555 1330 3614 ut
1346 3567 1458 3615 conce-

157 3653 271 3720 derent
291 3653 427 3720 alterurn
449 3649 614 3718 lludooiae
637 3651 889 3731 matrimonium,
916 3651 1097 3740 Diogenem
1123 3659 1220 3719 noctu
1247 3653 1281 3718 in
1302 3651 1459 3737 palatium

156 3755 326 3822 arcessivit
346 3755 439 3839 eique
460 3754 544 3821 olam
565 3751 640 3822 filiis
670 3762 767 3839 atque
795 3755 945 3824 affinibus
974 3758 1041 3825 suis
1063 3755 1181 3842 nupsit.
1224 3754 1373 3822 Proximo
1395 3751 1459 3831 die,

156 3857 211 3942 qui
233 3865 304 3924 erat
323 3856 445 3943 primus
468 3857 544 3922 anni
567 3857 648 3922 1068
667 3857 828 3924 Romanus
845 3859 1009 3944 Diogenes
1031 3858 1158 3945 publice
1179 3857 1352 3943 imperator
1373 3854 1459 3921 salu-

154 3965 251 4026 tatur.
294 3957 386 4024 Hanc
408 3964 515 4024 autem
536 3956 687 4042 injuriam
717 3978 822 4044 neque
850 3963 1019 4046 quisquam
1047 3960 1217 4046 prohibere
1244 3962 1377 4026 conatus
1399 3964 1459 4044 est,

156 4081 260 4146 neque
281 4060 487 4148 vituperavit,
509 4060 573 4126 nisi
595 4061 754 4146 Varangi,
777 4060 867 4146 regia
889 4062 1002 4130 cohors
1023 4070 1121 4147 atque
1145 4061 1295 4129 custodes
1316 4061 1459 4148 corporis

156 4163 273 4230 mortui
308 4163 526 4248 imperatoris,
574 4161 630 4246 qui
668 4183 727 4249 pro
766 4162 842 4230 filiis
871 4164 942 4248 ejus
973 4166 1034 4232 hoo
1065 4164 1150 4232 facto
1184 4165 1324 4230 maxime
1360 4162 1459 4229 laesis

156 4287 247 4332 arma
268 4271 422 4352 ceperunt
446 4271 478 4331 et
498 4263 695 4350 imperatrici
716 4263 851 4350 ejusque
871 4285 955 4334 novo
976 4267 1091 4334 manto
1116 4273 1250 4333 mortem
1274 4265 1461 4350 palatioque

137 4366 339 4436 incendium
359 4374 433 4436 sunt
452 4366 604 4436 minitati.
636 4365 750 4449 Neque
772 4365 1012 4436 seditiosorum
1033 4369 1123 4456 prius
1145 4369 1262 4449 sedata,
1280 4373 1340 4445 est,
1363 4386 1460 4453 quam
